
@article{agrawal-90,
  author = "P. Agrawal and W. J. Dally",
  title = "A Hardware Logic Simulation System",
  journal = "IEEE Transactions on Computer-Aided Design of
             Integrated Circuits and Systems",
  volume = 9,
  number = 1,
  pages = "19--20",
  month = jan,
  year = 1990
}    

@inproceedings{aji-93,
  author = "S. Aji and A. C. Palaniswamy and P. A. Wilsey",
  title = "Interactions of Optimizations to a {T}ime {W}arp Synchronized
           Digital System Simulator",
  booktitle = "Modeling and Simulation (FSM 93)",
  pages = "593--597",
  month = jun,
  year = 1993
}

@conference{akyildiz-92,
  author = "I. F. Akyildiz and L. Chen and S. R. Das and R. M.
            Fujimoto and R. F. Serfozo",
  title = "Performance Analysis of ``{T}ime {W}arp'' with Limited
           Memory", 
  booktitle = "ACM SIGMETRICS and Performance '92",
  year = 1992
}

@article{akyildiz-93,
  author = "I. F. Akyildiz and L. Chen and S. R. Das and R. M.
            Fujimoto and R. F. Serfozo",
  title = "The Effect of Memory Capacity on {T}ime {W}arp Performance", 
  journal = "Journal of Parallel and Distributed Computing",
  volume = 18,
  number = 4,
  pages = "411--422",
  month = aug,
  year = 1993
}

@inproceedings{alt-14,
  title={Profile driven partitioning of parallel simulation models},
  author={Alt, Aj and Wilsey, Philip A},
  booktitle={Proceedings of the 2014 Winter Simulation Conference},
  pages={2750--2761},
  year={2014},
  organization={IEEE Press}
}

@inproceedings{amdahl-67,
  author = "G.M. Amdahl",
  title = "Validity of the Single Processor Approach to achieving Large 
           Scale Computing Capabilities", 
  booktitle = "Proceedings of the AFIPS Spring Joint Computer
                Conference", 
  pages = "483--485",
  month = "April",
  year = 1967
}

@article{andelson-62,
  title={An algorithm for the organisation of information},
  author={Andelson-Velskii, GM and Landis, EM},
  journal={Soviet. Math},
  volume={3},
  number={1259-1262},
  pages={128},
  year={1962}
}

@article{anderson-94,
  author = "T. Anderson and D. Culler and D. Patterson",
  title  = "A Case for {NOW} (Networks of Workstations)",
  journal = "{IEEE} Micro",
  year = 1995,
  comment = "(special issue)"
}

@mastersthesis{arnold-85,
  author = "J. M. Arnold",
  title = "Parallel Simulation of Digital {LSI} Circuits",
  school = "Massachusetts Institute of Technology",
  address = "Cambridge, MA",
  year = 1985
}

@unpublished{atomic2,
  author = "The {ATOMIC-2} Group",
  title = "Technology Comparisons",
  note = "(available on the www at
                \url{http://www.isi.edu/atomic2/measurements.html})" 
}

@article{auriche-98,
  author = "L.R.G. Auriche and F. Quaglia and B. Ciciani",
  title = "Run-Time Selection of the Checkpoint Interval in Time Warp  
           Based Simulations",
  journal = "Simulation Practice and Theory",
  volume = 6,
  number = 5,
  pages = "461--478",
  year = 1998
}

@inproceedings{avril-95,
  author = "Herve Avril and Carl Tropper",
  title = "Clustered Time Warp and Logic Simulation",
  booktitle = "Proceedings of the 9th Workshop on Parallel and Distributed
                  Simulation", 
  pages = "112--119",
  year = 1995  
 }

@inproceedings{ayani-93,
  author = "R. Ayani",
  title = "Parallel Simulation" ,
  booktitle = "Performance Evaluation
                of Computer and Communication Systems",  
  series = "Lecture Notes in Computer Science, No. 729",
  publisher = "Springer Verlag",
  pages = "1--20",
  year = 1993
}

@article{bailey-92a,
  author = "M. L. Bailey",
  title = "How Circuit Size Affects Parallelism",
  journal = "IEEE Transactions on Computer-Aided Design",
  volume = 11,
  number = 2,
  pages = "208--215",
  month = feb,
  year = 1992
}

@article{bailey-92b,
  author = "M. L. Bailey",
  title = "A Time-Based Model for Investigating Parallel Logic-Level
           Simulation",
  journal = "IEEE Transactions on Computer-Aided Design of
             Integrated Circuits and Systems",
  volume = 11,
  number = 7,
  pages = "816--824",
  month = jul,
  year = 1992
}    

@article{bailey-94,
  author = "M. L. Bailey and J. V. {Briner, Jr.} and R. D. Chamberlain",
  title = "Parallel Logic Simulation of {VLSI} Systems",
  journal = "ACM Computing Surveys",
  volume = 26,
  number = 3,
  pages = "255--294",
  month = sep,
  year = 1994
}

@conference{balakrishnan-97,
  author = "V. Balakrishnan and P. Frey and N. Abu-Ghazaleh and
                P. A. Wilsey", 
  title = "A Framework for Performance Analysis of Parallel Discrete
                Event Simulators",
  booktitle = "Proceedings of the 1997 Winter Simulation Conference",
  month = dec,
  year = 1997
}

@mastersthesis{balakrishnan-97-thesis,
  author = "V. Balakrishnan",
  title = "A Framework for Performance Evaluation of Parallel Discrete
                Event Simulators", 
  school = "University of Cincinnati",
  address = "Cincinnati, OH",
  year = 1997
}

@article{balakrishnan-01,
  author = "V. Balakrishnan and R. Radhakrishnan and D. M. Rao and
                N. B. Abu-Ghazaleh and P. A. Wilsey", 
  title = "{A} {P}erformance and {S}calability {A}nalysis
                {F}ramework for {P}arallel {D}iscrete {E}vent
                {S}imulators", 
  journal = "Simulation Practice and Theory",
  volume = 8,
  pages = "529--553",
  year = 2001
}

@conference{ball-90,
  author = "D. Ball and S. Hoyt",
  title = "The Adaptive {T}ime-{W}arp Concurrency Control Algorithm",
  booktitle = "Distributed Simulation",
  organization = "Society for Computer Simulation",
  pages = "174--177",
  month = jan,
  year = 1990
}

@article{bagrodia-94,
  author = "R. L. Bagrodia and W. Liao",
  title = "Maisie: A Language for the Design of Efficient Discrete-Event
           Simulations",
  journal = "IEEE Transactions on Software Engineering",
  volume = 20,
  number = 4,
  pages = "225--238",
  month = apr,
  year = 1994
}    

@article{bagrodia-98,
  author = "R. Bagrodia and R. Meyer and M. Takai and Y. Chen and
                X. Zeng and J. Martin and B. Park and H. Song", 
  title = "Parsec: A Parallel Simulation Environment for Complex
                Systems", 
  journal = "Computer",
  volume = 31,
  number = 10,
  pages = "77--85",
  month = oct,
  year = 1998
}    

@article{bak-87,
  title={Self-organized criticality: An explanation of the 1/f noise},
  author={Bak, Per and Tang, Chao and Wiesenfeld, Kurt},
  journal={Physical review letters},
  volume={59},
  number={4},
  pages={381},
  year={1987},
  publisher={APS}
}

@article{barabasi-99,
  title={Emergence of scaling in random networks},
  author={Barab{\'a}si, Albert-L{\'a}szl{\'o} and Albert, R{\'e}ka},
  journal={science},
  volume={286},
  number={5439},
  pages={509--512},
  year={1999},
  publisher={American Association for the Advancement of Science}
}

@inproceedings{barrett-08,
  author={Barrett, C.L. and Bisset, K.R. and Eubank, S.G. and Xizhou Feng and Marathe, M.V.},
  booktitle={High Performance Computing, Networking, Storage and Analysis, 2008. SC 2008.
                International Conference for},
  title={EpiSimdemics: An efficient algorithm for simulating the spread of infectious disease
            over large realistic social networks},
  year={2008},
  pages={1-12},
  doi={10.1109/SC.2008.5214892},
  month={Nov},
}

@inproceedings{barriga-95,
  author = "L. Barriga and R. Ronngren and R. Ayani",
  title = "Benchmarking Parallel Simulation Algorithms",
  booktitle = "Proc. of the IEEE 1st Intl. Conf. on Algorithms and
                Architectures for Parallel Processing",
  pages = "611--620",
  year = 1995
 
}
		  
@conference{bauer-91,
  author = "H. Bauer and C. Sporrer and T. H. Krodel",
  title = "On Distributed Logic Simulation Using {T}ime {W}arp",
  booktitle = "VLSI 91",
  editor = "A. Halaas and P. B. Denyer",
  organization = "IFIP TC 10/WG 10.5",
  address = "Edinburgh, Scotland",
  pages = "127--136",
  month = aug,
  year = 1991
}

@inproceedings{bauer-92,
  author = "H. Bauer and C. Sporrer",
  title = "Distributed Logic Simulation and an Approach to
		  Asynchronous {GVT}-Calculation",
  booktitle = "6th Workshop on Parallel and Distributed Simulation", 
  organization = "Society for Computer Simulation",
  pages = "205--208",
  month = jan,
  year = 1992
}

@inproceedings{bauer-93,
  author = "H. Bauer and C. Sporrer",
  title = "Reducing Rollback Overhead in {T}ime-{W}arp Based Distributed
           Simulation with Optimized Incremental State Saving",
  booktitle = "Proc. of the 26th Annual Simulation Symposium",
  organization = "Society for Computer Simulation",
  pages = "12--20",
  month = apr,
  year = 1993,
}

@phdthesis{bauer-94-thesis,
  author =       "H. Bauer",
  title =        "Verteilte diskrete Simulation komplexer Systeme",
  school =       "Technische Univerist{\"{a}}t M{\"{u}}nchen",
  year =         1994
}

@inproceedings{bauer-05,
  author = {David Bauer and Garrett Yaun and Christopher D. Carothers and Murat Yuksel and Shivkumar Kalyanaraman},
  title = {Seven-O’Clock: A New Distributed GVT Algorithm Using Network Atomic Operations},
  booktitle = {In Proceedings of the Workshop on Parallel and Distributed Simulation (PADS) ’05},
  year = {2005},
  pages = {39--48},
  publisher = {IEEE Computer Society}
}

@inproceedings{bauer-09,
  author = {David W Bauer Jr, Christopher D Carothers, Akintayo Holder},
  title = {Scalable time warp on blue gene supercomputers},
  booktitle = {Proceedings of the 2009 ACM/IEEE/SCS 23rd Workshop on Principles of Advanced and Distributed Simulation},
  year = {2009},
  pages = {35--44},
  publisher = {IEEE Computer Society}
}

@conference{bellenot-90,
  author = "S. Bellenot",
  title = "Global Virtual Time Algorithms",
  booktitle = "Distributed Simulation",
  organization = "Society for Computer Simulation",
  pages = "122--127",
  month = jan,
  year = 1990
}

@inproceedings{bellenot-92,
  author = "S. Bellenot",
  title = "State Skipping Performance with the {T}ime {W}arp Operating
           System", 
  booktitle = "6th Workshop on Parallel and Distributed Simulation", 
  organization = "Society for Computer Simulation",
  pages = "53--61",
  month = jan,
  year = 1992
}

@article{berger-00,
  author = "Berger, Emery D. and McKinley, Kathryn S. and Blumofe, Robert D. and Wilson, Paul R.",
  title = "Hoard: A Scalable Memory Allocator for Multithreaded Applications",
  journal = "SIGOPS Oper. Syst. Rev.",
  volume = 34,
  number = 5,
  month = nov,
  year = 2000,
  pages = "117--128",
  numpages = 12,
} 

@inproceedings{berry-86,
  author = "O. Berry and D. Jefferson",
  title = "Critical Path Analysis of Distributed Simulation",
  booktitle = "Distributed Simulation",
  organization = "Society for Computer Simulation",
  pages = "57--60",
  year = 1985
}

@article{blank-84,
  author = "T. Blank",
  title = "A Survey of Hardware Accelerators Used in Computer-Aided
		  Design", 
  journal = "IEEE Design and Test of Computers",
  volume = 1,
  number = 4,
  pages = "21--39",
  month = aug,
  year = 1984
}    

@article{blondel-08,
  title={Fast unfolding of communities in large networks},
  author={Blondel, Vincent D and Guillaume, Jean-Loup and Lambiotte, Renaud and Lefebvre, Etienne},
  journal={Journal of statistical mechanics: theory and experiment},
  volume={2008},
  number={10},
  pages={P10008},
  year={2008},
  publisher={IOP Publishing}
}

@article{boden-95,
  author = "Nanette J. Boden and Danny Cohen and Robert E. Felderman and
                Alan E. Kulawik and Charles L. Seitz and Jakov
                N. Seizovic and Wen-King Su", 
  title = "Myrinet -- A {G}igabit-per-Second {L}ocal-{A}rea {N}etwork",
  journal = "IEEE Micro",
  volume = 15,
  number = 1,
  pages = "29--36",
  month = feb,
  year = 1995
}

@phdthesis{briner-90,
  author = "J. V. {Briner, Jr.}",
  title = "Parallel Mixed-Level Simulation of Digital Circuits using 
	     Virtual Time",
  school = "Duke University",
  address = "Durham, North Carolina",
  year = 1990
}

@article{brown-88,
  author = "R. Brown",
  title = "Calendar Queues: {A} Fast {O(1)} Priority Queue
		  Implementation for the Simulation Event Set
		  Problem", 
  journal = "Communications of the {ACM}",
  volume = 31,
  number = 10,
  pages = "1220--1227",
  month = oct,
  year = 1988
}

@inproceedings{bruce-93,
  author = "Bruce Hendrickson and Robert Leland",
  title = "A Multi-Level Algorithm For Partitioning Graphs",
  booktitle = "Proceedings of the 1995 {ACM\slash IEEE} Supercomputing
                Conference", 
  month = dec,
  year = 1995
}

@conference{bruce-95,
  author = "David Bruce",
  title = "The treatement of state in optimistic systems",
  booktitle = "Proc. of the 9th Workshop on Parallel and Distributed
               Simulation (PADS 97)",  
  organization = "Society for Computer Simulation",
  pages = "40--49",
  year = 1995
}

@conference{bryant-79,
  author = "R. E. Bryant",
  title = "Simulation on a Distributed System",
  booktitle = "Proceedings of the 1st International Conference on Distributed
                  Computing Systems", 
  pages = "544--552",
  year = 1979,
  publisher =    "IEEE Computer Society",
  address =      "Washington, DC"
}

@conference{buchholz-97,
  author = "P. Buchholz",
  title = "A Distributed Numerical/Simulative Algorithm for the Analysis
                of Large Continuous Time Markov Chains", 
  booktitle = "Proc. of the 11th Workshop on Parallel and Distributed
               Simulation (PADS 97)",  
  organization = "Society for Computer Simulation",
  pages = "4--11",
  month = jun,
  year = 1997
}

@article{burdorf-90,
  author = "C. Burdorf and J. Marti",
  title = "Non-Preemptive {T}ime {W}arp Scheduling Algorithms",
  journal = "Operating Systems Review",
  volume = 24,
  number = 2,
  pages = "7--18",
  month = apr,
  year = 1990
}

@online{c++11-rng,
    author = {cppreference},
    title = {Pseudo-random number generation},
    year = 2011,
    url = {http://en.cppreference.com/w/cpp/numeric/random},
}

@inproceedings{cabrera-92,
  author = "A. D. Cabrera and M. J. Chung",
  title = "A Parallel {VHDL} Simulator on the Connection Machine",
  booktitle = "{VHDL} Users' Group Spring 1992 Conference",
  pages = "83--93",
  month = may,
  year = 1992
}

@inproceedings{carothers-94,
  author = "Christopher D. Carothers and RIchard M. Fujimoto and Paul
                England", 
  title = "Effect of Communication overheads on {T}ime {W}arp
                Performance: An Experimental Study",
  booktitle = "Proc. of the 8th Workshop on Parallel and Distributed
                Simulation (PADS 94)",
  organization = "Society for Computer Simulation",
  pages = "118--125",
  month = jul,
  year = 1994
}

@inproceedings{carothers-99,
  author = "Christopher D. Carothers and Kalyan S. Perumalla and Richard
                M. Fujimoto", 
  title = "Efficient optimistic parallel simulations using reverse
                computation",  
  booktitle = "Proceedings of the thirteenth workshop on Parallel and
                distributed simulation, {PADS}'99",  
  pages = "126--135",
  month = may,
  year = 1999
}

@article{carothers-99a,
  author = "C. D. Carothers and K. Perumalla and R. M. Fujimoto", 
  title = "Efficient Optimistic Parallel Simulation Using Reverse Computation",
  journal = "ACM Transactions on Modeling and Computer Simulation", 
  volume = 9,
  number = 3,
  pages = "224--253",
  month = oct,
  year = 1999
}

@inproceedings{carothers-99b,
  author = "C. Carothers and K. Perumalla and R. M. Fujimoto", 
  title = "Efficient Optimistic Parallel Simulations using Reverse Computation",
  booktitle = "1999 Workshop on Parallel and Distributed Simulations",
  month = may,
  year = 1999
}

@article{carothers-00,
  author = "Christopher D. Carothers and David Bauer and Shawn Pearce",
  title = "ROSS: A High-Performance, Low Memory, Modular Time Warp System",
  journal = "Journal of Parallel and Distributed Computing",
  pages = "53--60",
  year = 2000
}

@inproceedings{carter-91,
  author = "H. Carter and R. Vemuri and P. A. Wilsey and J. Aylor
            and R. Waxman and T. Hartrum",
  title = "High Speed Acceleration of {VHDL} Simulation, Synthesis,
           and {ATPG}: Overview of the {QUEST} Project",
  booktitle = "{VHDL} Users' Group Spring 1991 Conference",
  address = "Cincinnati, OH",
  pages = "85--90",
  month = apr,
  year = 1991
}


@inproceedings{cavitt-96,
  author = "D. Cavitt and C. M. Overstreet and K. Maly",
  title = "A Performance Analysis Model for Distributed Simulation", 
  booktitle = "Proceedings of the 1996 Winter Simulation Conference",
  month = dec,
  year = 1996,
}

@article{chandy-79,
  author = "K. M. Chandy and J. Misra ",
  title = " Distributed Simulation: A case study in design and
                verification of distributed programs",
  journal = "IEEE Transactions on Software Engineering",
  pages = "440--452",
  volume = 5,
  number =5,
  month = sep,
  year = 1979
}

@article{chandy-81,
  author = "K. M. Chandy and J. Misra",
  title = "Asynchronous Distributed Simulation via a Sequence of
                Parallel Computations",
  journal = "Communications of the ACM",
  volume = 24,
  number = 11,
  pages = "198--206",
  month = apr,
  year = 1981
}

@article{chandy-85,
  author = "K. M. Chandy and L. Lamport",
  title = "Distributed Snapshots: Determining Global States of
		  Distributed Systems",
  journal = "{ACM} Transactions on Computer Systems",
  volume = 3,
  number = 1,
  pages = "63--75",
  month = feb,
  year = 1985
}

@conference{chandy-89,
  author = "K. M. Chandy and R. Sherman",
  title = "Space-Time and Simulation",
  booktitle = "Distributed Simulation",
  organization = "Society for Computer Simulation",
  pages = "53--57",
  year = 1989
}

@inproceedings{charley-92,
  author = "D. Charley and T. {McBrayer} and D. Hensgen and P. A.
            Wilsey and M. Ankola",
  title = "Distributed Simulation on a Reconfigurable Network using
           Non-Uniform Message Passing",
  booktitle = "Proc. of the 5th ISMM International Conference on
               Parallel and Distributed Computing and Systems",
  editor = "R. Melhem",
  pages = "247--250",
  month = oct,
  year = 1992
}

@inproceedings{charley-92-vhdl,
  author = "D. Charley and D. A. Hensgen and T. {McBrayer} and P. A.
            Wilsey and M. Ankola",
  title = "High Speed Communication for Simulation of Large {VHDL}
           Models",
  booktitle = "Proc. of the Fall 1992 VHDL Int Users' Forum",
  pages = "212--216",
  month = oct,
  year = 1992
}

@techreport{chawla-wilsey-91,
  author = "P. Chawla and P.A. Wilsey",
  title = "Synchronizing Distributed {VHDL} Simulation",
  institution = "Dept. of Electrical \& Computer Engineering,
                  University of Cincinnati",
  number = "Tech. Rept. TR 131--4--91",
  month = apr,
  year = 1991
}


@inproceedings{chen-98,
  author = "Y. Chen and R. Bagrodia",
  title = "Shared Memory Implementation of A Parallel Switch-Level
                Circuit Simulator", 
  booktitle = "Proceedings of the 12th Workshop on Parallel and
                Distributed Simulation", 
  pages = "134--141",
  month = may,
  year = 1998
}

@inproceedings{chetlur-98,
  author = "M. Chetlur and N. Abu-Ghazaleh and R. Radhakrishnan and
		  P. A. Wilsey", 
  title = "Optimizing Communication in {T}ime-{W}arp Simulators",
  booktitle = "12th Workshop on Parallel and Distributed Simulation", 
  organization = "Society for Computer Simulation",
  pages = "64--71",
  month = may,
  year = 1998
}

@inproceedings{chetlur-mpi-98,
  author = "M. Chetlur and G. D. Sharma and N. B. Abu-Ghazaleh and
                U. K. V. Rajasekaran and P. A. Wilsey", 
  title = "An Active Layer Extension to {MPI}",
  booktitle = "Euro {PVM/MPI}",
  pages = "97--104",
  month = sep,
  year = 1998
}

@MastersThesis{chetlur-98-thesis,
  author = "Malolan Chetlur",
  title = "Reducing Communication Overheads in Asynchronous Distributed
                Applications",
  school = "University of Cincinnati",
  month = dec,
  year = 1998
}

@article{chung-89,
  author = "M. J. Chung and Y. Chung",
  title = "Data Parallel Simulation using {T}ime-{W}arp on the
           Connection Machine",
  journal = "Proc. 26th ACM/IEEE Design Automation Conference",
  pages = "98--103",
  year = 1989
}

@article{chung-93,
  author = "S. Chung and V. Rego",
  title = "A Performance Comparison of Event Calendar Algorithms: an 
           Empirical Approach.",
  journal = "Software Practice and Experience",
  pages = "1107--1138",
  volume = 23,
  number = 10,
  year = 1993
}

@inproceedings{cloutier-97,
  author = "J. Cloutier and E. Cerny and F. Guertin",
  title = "Model Partitioning and the Performance of Distributed Time Warp
Simulation of Logic Circuits",
  booktitle = "Simulation Practice and Theory",
  pages = "83-99",
  year = 1997
}

@inproceedings{conklin-90,
  author = "D. Conklin and J. Cleary and B. Unger",
  title = "The Sharks World: {A} study in Distributed Simulation Design",
  booktitle = "Distributed Simulation",
  publisher = "SCS Simulation Series",
  year = 1990,
  pages = "157-160"
}

@misc{cormen-01,
  title={Introduction to algorithms second edition},
  author={Cormen, Thomas H and Leiserson, Charles E and Rivest, Ronald L and Stein, Clifford},
  year={2001},
  publisher={The MIT Press}
}

@techreport{crane-72,
  author = "C. Crane",
  title = "Linear Lists and Priority Queues as Balanced Binary Trees",
  institution = "Computer Science Department, Stanford University",
  number = "Tech. Rept. STAN-CS-72-259",
  year = 1972
}

@inproceedings{crawford-17,
  title={Some properties of communication behaviors in discrete-event simulation models},
  author={Crawford, Patrick and Eidenbenz, Stephan J and Barnes, Peter D and Wilsey, Philip A},
  booktitle={Simulation Conference (WSC), 2017 Winter},
  pages={1025--1036},
  year={2017},
  organization={IEEE}
}

@book{culler-97,
  author = "David E. Culler and Anoop Gupta and Jaswinder Pal Singh",
  title = "Parallel Computer Architecture: A Hardware/Software Approach",
  publisher = "Morgan Kaufmann Publishers Inc.",
  address = "San Francisco, {CA}, {USA}",
  year = 1997
} 

@article{das-97a,
  author = "S. R. Das and R. M. Fujimoto", 
  title = "Adaptive Memory Management and Optimism Control in Time Warp",
  journal = "ACM Transactions on Modeling and Computer Simulation", 
  volume = 7,
  number = 2,
  pages = "239--271",
  year = 1997
}

@article{das-97b,
  author = "S. R. Das and R. M. Fujimoto", 
  title = "An Empirical Evaluation of Performance-Memory Trade-offs in Time Warp",
  journal = "IEEE Transactions on Parallel and Distributed Systems",
  volume = 8,
  number = 2,
  pages = "210--224",
  year = 1997
}
                  
@inproceedings{dickens-90,
  author = "P. M. Dickens and P. F. {Reynolds Jr.}",
  title = "SRADS with local rollback",
  booktitle = "Proceedings of the SCS Multiconference on Distributed
                Simulation",
  volume = 22,
  organization = "Society for Computer Simulation",
  pages = "161--164",
  month = jan,
  year = 1990
}

@inproceedings{dickman-13,
 author = "T. Dickman and S. Gupta and P. A. Wilsey",
 title = "Event pool structures for PDES on many-core Beowulf clusters",
 booktitle = "Proceedings of the 2013 ACM SIGSIM conference on Principles 
                of advanced discrete simulation",
 url = {http://doi.acm.org/10.1145/2486092.2486106},
 doi = {10.1145/2486092.2486106},
 acmid = {2486106},
 pages = "103--114",
 month = may,
 year = 2013
}

@book{dis-93,
  author = "IEEE",
  title = "Standard for information technology, protocols for distributed
                interactive simulation", 
  publisher = "American National Standards Institute",
  series = "DIS-ANSI/IEEE Standard 1278-1993",
  year = 1993
}

@conference{d-souza-94-pads,
  author = "L. M. {D'Souza} and X. Fan and P. A. Wilsey",
  title = "{pGVT}: An Algorithm for Accurate {GVT} Estimation",
  booktitle = "Proc. of the 8th Workshop on Parallel and Distributed
               Simulation (PADS 94)",  
  organization = "Society for Computer Simulation",
  month = jul,
  year = 1994,
  pages = "102--109"
}

@mastersthesis{d-souza-94-ms,
  author = "L. M. {D'Souza}",
  title = "Global Virtual Time Estimation Algorithms in
		  Optimistically Synchronized Distributed Discrete
		  Event Driven Simulation",
  school = "University of Cincinnati",
  address = "Cincinnati, Ohio",
  month = may,
  year = 1994

}

@conference{dahmann-97,
  author = "J. S. Dahmann and R. M. Fujimoto and R. M. Weatherly",  
  title = "The {D}epartment of {D}efense {H}igh {L}evel {A}rchitecture",
  booktitle = "Proceedings of the 1997 Winter Simulation Conference",
  pages = "142--149",
  month = dec,
  year = 1997
}

@conference{dahmann-99,
  author = "Judith S. Dahmann",  
  title = "The {High Level Architecture and Beyond}: Technological
                Challenges", 
  booktitle = "Proceedings of the 13th Workshop on Parallel and
                Distributed Simulation (PADS'99)",  
  month = may,
  year = 1999,
  pages = "64--70"
}

@inproceedings{das-93,
  author = "S. R. Das and R. M. Fujimoto",
  title = "A Performance Study of the Cancelback Protocol for Time
		  Warp",
  booktitle = "Proc. of the 7th Workshop on Parallel and Distributed
               Simulation (PADS)",  
  organization = "Society for Computer Simulation",
  pages = "135--142",
  month = jul,
  year = 1993
}

@inproceedings{das-94,
  author = "S. Das and R. Fujimoto and K. Panesar and D. Allison and
		  M. Hybinette",
  title = "{GTW:} A {Time Warp} System for Shared Memory
		  Multiprocessors",
  booktitle = "Proceedings of the 1994 Winter Simulation
		  Conference",
  editor = "J. D. Tew and S. Manivannan and D. A. Sadowski and
		  A. F. Seila",
  pages = "1332--1339",
  month = dec,
  year = 1994
}

@inproceedings{das-94-sigmetrics,
  author = "S. R. Das and R. M. Fujimoto",
  title = "An Adaptive Memory Management Protocol for {T}ime {W}arp
                Parallel Simulation",  
  booktitle = "Sigmetrics",
  pages = "201--210",
  month = may,
  year = 1994
}

@phdthesis{davoren-89,
  author = "M. Davoren",
  title = "A Structural Approach to the Mapping Problem in Parallel
		  Discrete Event Logic Simulations",
  school = "Dept of Computer Science, University of Edinburgh",
  address = "Edinburgh UK",
  month = nov,
  year = 1989
}

@conference{deelman-97a,
  author = "Ewa Deelman and Boleslaw K. Szymanski",
  title = "Breadth-First Rollback in Spatially Explicit Simulations",
  booktitle = "Proc. of the 11th Workshop on Parallel and Distributed
               Simulation (PADS 97)",  
  organization = "Society for Computer Simulation",
  pages = "124--131",
  month = jun,
  year = 1997
}

@conference{deelman-97b,
  author = "Ewa Deelman and Boleslaw K. Szymanski",
  title = "System Knowledge Acquisition in Parallel Discrete Event
                Simulation", 
  booktitle = "IEEE International Conference in Systems, Man and
                Cybernetics", 
  organization = "Computational Cybernetics and Simulation",
  pages = "2296--2301",
  year = 1997
}

@inproceedings{deelman-98,
  title={Dynamic load balancing in parallel discrete event simulation for spatially explicit problems},
  author={Deelman, Ewa and Szymanski, Boleslaw K},
  booktitle={Parallel and Distributed Simulation, 1998. PADS 98. Proceedings. Twelfth Workshop on},
  pages={46--53},
  year={1998},
  organization={IEEE}
}

@article{denneau-83,
  author = "M. Denneau and E. Kronstadt and G. Pfister",
  title = "Design and Implementation of a Software Simulation Engine",
  journal = "Computer-Aided Design",
  volume = "15",
  number = "3",
  pages = "123--130",
  month = may,
  year = 1983
}

@inproceedings{demaine-97,
  author = "E. Demaine",
  title = "A {T}hreads-{O}nly {MPI} Implementation for the Development
                of Parallel Programs", 
  booktitle = "Proceedings of the 11th International Symposium on High
                Performance Computing Systems ({HPCS '97})", 
  pages = "153--163",
  month = jul,
  year = 1997
}

@inproceedings{dickens-96,
  author = "P. Dickens and M. Haines and P. Mehrotra and D. Nicol",
  title = "Towards a thread-based Parallel Direct Execution Simulator",
  booktitle = "Proceedings of the 29th Hawaii International Conference
                on System Sciences ({HICSS-29})", 
  pages = "424--433",
  month = jan,
  year = 1996
}

@article{dijkstra-65,
 author = {Dijkstra, E. W.},
 title = {Solution of a Problem in Concurrent Programming Control},
 journal = {Commun. ACM},
 issue_date = {Sept. 1965},
 volume = {8},
 number = {9},
 month = sep,
 year = {1965},
 issn = {0001-0782},
 pages = {569--},
 url = {http://doi.acm.org/10.1145/365559.365617},
 doi = {10.1145/365559.365617},
 acmid = {365617},
 publisher = {ACM},
 address = {New York, NY, USA},
} 

@inproceedings{dillon-95,
  author = "E. Dillon and C. Gamboa Dos Sanots and J. Guyard",
  title = "Homogenous and Heterogenous Network of Workstations: Message
                Passing Overhead", 
  booktitle = "MPI Developers Conference",
  month = jun,
  year = 1995
}

@techreport{von-eicken-92,
  author = "T. von Eicken and D. Culler and S. Goldstien and K. Schauser",
  title =  "Active Messages: {A} Mechanism for Integrated Communication
                and Computation",
  institution = "Computer Science Division",
  address = "University of California, Berkeley, CA 94720",
  number = "CSD-92-675",
  month = "March",
  year = 1992
}

@techreport{elnozahy-96,
  author = "E.N. Elnozahy and D.B. Johnson and Y.M. Wang",
  title = "A Survey of Rollback-Recovery Protocols in Message-Passing 
           Systems", 
  institution = "School of Computer Science, Carnegie Mellon University",
  number = "Tech. Rept. CMU-CS-96-181",
  month = "oct",
  year = 1996
}

@conference{felderman-90,
  author = "R. E. Felderman and L. Kleinrock",
  title = "Two Processor {T}ime {W}arp Analysis: Some Resuls on a
		  Unifying Approach",
  booktitle = "Distributed Simulation",
  organization = "Society for Computer Simulation",
  pages = "131--136",
  month = jan,
  year = 1990
}

@techreport{felten-93,
  author = "E. W. Felten",
  title = "Protocol Compilation: High-Performance Communication for
                Parallel Programs", 
  institution = "University of Washington --- Dept. of Computer
                Science", 
  year = 1993
}

@inproceedings{ferscha-95-ass,
  author = "A. Ferscha and J. L{\"{u}}thi",
  title = "Estimating Rollback Overhead for Optimism Control in Time
		  Warp", 
  booktitle = "Annual Simulation Symposium",
  month = apr,
  year = 1995
}

@conference{ferscha-95-pads,
  author = "A. Ferscha",
  title = "Probabilistic Adaptive Direct Optimism Control in Time
		  Warp", 
  booktitle = "Proc. of the 9th Workshop on Parallel and Distributed
		  Simulation {(PADS 95)}",
  pages = "120--129",
  month = jun,
  year = 1995
}

@inproceedings{ferscha-96,
  author = "A Ferscha and J Johnson",
  title = "A Testbed for Parallel Simulation Performance Predictions",
  booktitle = "1996 Winter Simulation Conference Proceedings",
  month  = dec,
  year = 1996
}

@inproceedings{ferscha-97,
  author = "Alois Ferscha and James Johnson and Stephan J. Turner", 
  title = "Early Performance Prediction of Parallel Simulation
                Protocols", 
  booktitle = "Proceedings of 1st World Congress on Systems Simulation",
  pages = "282--287",
  publisher = "IEEE Press",
  month = sep,
  year = 1997
}

@conference{ferscha-99-pads,
  author = "Alois Ferscha and James Johnson",
  title = "Shock Resistant {T}ime {W}arp", 
  booktitle = "Proc. of the 13th Workshop on Parallel and Distributed
		  Simulation {(PADS 99)}",
  pages = "92--100",
  month = may,
  year = 1999
}

@book{fishman-78,
  author = "G. S. Fishman" ,
  title = "Principles of Discrete Event Simulation" ,
  publisher = "John Wiley and Sons Inc.",
  year = 1978
}

@book{fishwick-95,
  author = "P. A. Fishwick",
  title = "Simulation Model Design and Execution: Building Digital
		  Worlds", 
  publisher = "Prentice Hall",
  address = "Englewood Cliffs, NJ",
  year = 1995
}

@conference{fishwick-96,
  author = "Paul A. Fishwick",
  title = "Web-Based Simulation: Some Personal Observations",
  booktitle = "Proc. of the 1996 Winter Simulation Conference",
  pages = "772--779",
  month = dec,
  year = 1996
} 

@inproceedings{fishwick-98,
  author = "Paul A. Fishwick",
  title = "An Architectural Design for Digital Objects",
  booktitle = "Proceedings of the 1998 Winter Simulation Conference",
  pages = "359--365",
  editor = "D. J. Medeiros and E. F. Watson and J. S. Carson and
                M. S. Manivannan",  
  volume = 1,
  month = dec,
  year = 1998
}

@conference{fleischmann-95,
  author = "J. Fleischmann and P. A. Wilsey",
  title = "Comparative Analysis of Periodic State Saving Techniques
		  in {T}ime {W}arp Simulators",
  booktitle = "Proc. of the 9th Workshop on Parallel and Distributed
		  Simulation {(PADS 95)}",
  pages = "50--58",
  month = jun,
  year = 1995
}

@inproceedings{fomitchev-04,
  title={Lock-free linked lists and skip lists},
  author={Fomitchev, Mikhail and Ruppert, Eric},
  booktitle={Proceedings of the twenty-third annual ACM symposium on Principles of distributed computing},
  pages={50--59},
  year={2004},
  organization={ACM}
}

@article{foster-97,
  author = "I. Foster and J. Geisler and C. Kesselman and S. Tuecke",
  title = "Managing Multiple Communication Methods in High-Performance
                Networked Computing Systems", 
  journal = "Journal of Parallel and Distributed Computing",
  volume = 40,
  number = 1,
  pages = "35--48",
  month = jan,
  year = 1997
}

@techreport{fujimoto-87,
  author = "R. Fujimoto",
  title = "Performance Measurements of Distributed Simulation
                Strategies", 
  institution = "University Of Utah, Salt Lake City",
  number = "UU--CS--TR--87--026a", 
  month = "November",
  year = 1987
}

@conference{fujimoto-88,
  author = "R. M. Fujimoto and J. Tsai and G. Gopalakrishnan",
  title = "Design and Performance of Special Purpose Hardware for 
	     {T}ime {W}arp",
  booktitle = "Proc. of the 15th Annual International Symposium on
               Computer Architecture", 
  pages = "401--408",
  month = jun,
  year = 1988
}

@article{fujimoto-89,
  author = "R. M. Fujimoto",
  title = "{T}ime {W}arp on a Shared Memory Multiprocessor",
  journal = "Transactions of Society for Computer Simulation",
  pages = "211--239",
  month = jul,
  year = 1989
}

@conference{fujimoto-89b,
  author = "R. M. Fujimoto",
  title = "The Virtual Time Machine",
  booktitle = "International Symposium on Parallel Algorithms and
               Architectures", 
  pages = "199--208",
  month = jun,
  year = 1989
}

@article{fujimoto-90,
  author = "R. Fujimoto",
  title = "Parallel Discrete Event Simulation",
  journal = "Communications of the ACM",
  volume = "33",
  number = "10",
  pages = "30--53",
  month = oct,
  year = 1990
}

@article{fujimoto-90b,
  author = "R. Fujimoto",
  title = "Performance of {T}ime {W}arp under synthetic workloads",
  journal = "Proceedings of the SCS Multiconference on Distributed
               Simulation",
  volume = "22",
  number = "1",
  pages = "23--28",
  month = jan,
  year = 1990
}

@article{fujimoto-92,
  author = "R. M. Fujimoto and J. Tsai and G. C. Gopalakrishnan",
  title = "Design and Evaluation of the Rollback Chip: Special
           Purpose Hardware for {T}ime {W}arp",
  journal = "IEEE Transactions on Computers",
  volume = "41",
  number = "1",
  pages = "68--82",
  month = jan,
  year = 1992
}

@article{fujimoto-93,
  author = "R. M. Fujimoto",
  title = "Parallel Discrete Event Simulation: Will the field survive?",
  journal = "ORSA Journal on Computing",
  volume = "5",
  number = "3",
  month = jun,
  year = 1993
}

@inproceedings{fujimoto-93b,
  author = "R. Fujimoto",
  title = "Parallel and Distributed Discrete Event Simulation: Algorithms
                and Applications", 
  booktitle = "Proc. of the 1993 Winter Simulation Conference",
  pages = "106--114",
  year = 1993
}
		  
@misc{fujimoto-94,
  author = "R. M. Fujimoto and M. Hybinette",
  title = "Computing Global Virtual Time in Shared-Memory
		  Multiprocessors", 
  institution = "College of Computing, Georgia Institute of Technology",
  month = aug,
  year = 1994
}

@inproceedings{fujimoto-95,
  author = "R. Fujimoto and K. Panesar",
  title = "Buffer Management in Shared-Memory {T}ime {W}arp System",
  booktitle = "Proceedings of the 9th Workshop on Parallel and
                Distributed Simulation ({PADS 95})", 
  pages = "149--156",
  month = jun,
  year = 1995
}

@conference{fujimoto-96,
  author = "Richard M. Fujimoto and Richard M. Weatherly",
  title = "Time Management in the DoD High Level Architecture",
  booktitle = "Proc. of the 10th Workshop on Parallel and Distributed
               Simulation ({PADS 96})",  
  organization = "Society for Computer Simulation",
  pages = "60--67",
  month = may,
  year = 1996
}

@inproceedings{fujimoto-99-pads,
  author = "Richard Fujimoto",
  title = "Exploiting Temporal Uncertainty in Parallel and Distributed
                Simulations", 
  booktitle = "Proceedings of the 13th Workshop on Parallel and
                Distributed Simulation ({PADS'99})", 
  pages = "149--156",
  month = may,
  year = 1999
}

@book{fujimoto-00,
  author = "Richard M. Fujimoto",
  title = "Parallel and Distributed Simulation Systems", 
  publisher = "Wiley Interscience", 
  month = jan,
  year = 2000
}

@conference{gafni-88,
  author = "A. Gafni",
  title = "Rollback Mechanisms for Optimistic Distributed 
	     Simulation Systems",
  booktitle = "Distributed Simulation",
  organization = "Society for Computer Simulation",
  pages = "46--53",
  month = jan,
  year = 1988
}

@inproceedings{gburzynski-95,
  author = "P. Gburzynski and T. Ono-Tesfaye and S. Ramaswamy",
  title  =  "Modelling {ATM} networks in a parallel simulation
                environment: {A} case study", 
  booktitle = "Proceedings of the {SCSC} '95" ,
  pages = "869--874",
  month = jul,
  year = 1994
}

@book{geist-94,
  title={PVM: Parallel virtual machine: a users' guide and tutorial for networked parallel computing},
  author={Geist, Al and Beguelin, Adam and Dongarra, Jack and Jiang, Weicheng and Manchek,
            Robert and Sunderam, Vaidyalingam S},
  year={1994},
  publisher={MIT press}
}

@article{gerasoulis-93,
  author = "A. Gerasoulis and T. Yang",
  title = "On the Granularity and Clustering of Directed Acyclic
		  Task Graphs",
  journal = "IEEE Transactions on Parallel and Distributed Systems",
  volume = "4",
  number = "6",
  pages = "686--701",
  month = jun,
  year = 1993
}

@conference{ghosh-94,
  author = "K. Ghosh and K. Panesar and R. M. Fujimoto and K.
		  Schwan", 
  title = "{PORTS}: A Parallel, Optimistic, Real-time Simulator",
  booktitle = "Proc. of the 8th Workshop on Parallel and Distributed
               Simulation (PADS 94)",  
  organization = "Society for Computer Simulation",
  month = jul,
  year = 1994
}

@article{ghuloum-09,
  author = "Anwar Ghuloum",
  title = "Face the Inevitable, Embrace Parallelism",
  journal = "Communications of the ACM",
  pages = "36--38",
  volume = 52,
  number = 9,                    
  month = sep,
  year = 2009,
}

@inproceedings{gilmer-88,
   author = "J. B. {Gilmer Jr}",
   title = "An assessment of {Time Warp} parallel discrete event simulation
                algorithm performance",
   booktitle = "Distributed Simulation",
   publisher = "SCS Simulation Series",
   year = 1988,
   pages = "45-49"
}

@book{gropp-94,
  author = "W. Gropp and E. Lusk and A. Skjellum",
  title = "Using {MPI}: Portable Parallel Programming with the
		  Message-Passing Interface",
  publisher = "MIT Press",
  address = "Cambridge, MA",
  year = 1994
}

@article{gustafson-88,
  author = "J.L. Gustafson, G.R. Montry and R.E. Benner",
  title = "Development of Parallel Methods for a 1024-node Hypercube",
  journal = "SIAM Journal on Scientific and Statistical Computing",
  year = 1988,
  pages = "609--638",
  volume = 9,
  number = 4
}

@inproceedings{harris-01,
 author = {Harris, Timothy L.},
 title = {A Pragmatic Implementation of Non-blocking Linked-Lists},
 booktitle = {Proceedings of the 15th International Conference on Distributed Computing},
 series = {DISC '01},
 year = {2001},
 isbn = {3-540-42605-1},
 pages = {300--314},
 numpages = {15},
 url = {http://dl.acm.org/citation.cfm?id=645958.676105},
 acmid = {676105},
 publisher = {Springer-Verlag},
 address = {London, UK, UK},
}

@inproceedings{hay-15,
  title={Experiments with hardware-based transactional memory in parallel simulation},
  author={Hay, Joshua and Wilsey, Philip A},
  booktitle={Proceedings of the 3rd ACM SIGSIM Conference on Principles of Advanced Discrete Simulation},
  pages={75--86},
  year={2015},
  publisher={ACM},
  address={London, UK}
}

@article{karypis-98,
  author = {Karypis,George and Kumar,Vipin},
  title = {A Fast and High Quality Multilevel Scheme for Partitioning Irregular
	Graphs},
  journal = {SIAM Journal on Scientific Computing},
  year = {1998},
  volume = {20},
  pages = {359-34},
  number = {1},
  isbn = {10648275},
  keywords = {Mathematics},
  language = {English},
  url = {http://search.proquest.com/docview/921412052?accountid=2909}
}

@conference{law-90,
  author = "Averill M. Law and Michael G. McComas",
  title = "Simulation Software for Communications Networks: The State of
                the Art", 
  booktitle = "Proc. of the fifth IEEE Workshop on Computer-Aided
                Modeling, Analysis, and Design of Communication Links and
                Networks (CAMAD'94)",
  pages = "44--50",
  month = mar,
  year = 1994
}  

@book{law-00,
    author = "Averill M. Law and W. David Kelton",
    title = "Simulation Modeling and Analysis",
    publisher = "McGraw-Hill",
    edition = "3rd",                  
    year = 2000
}

@inproceedings{ludwig-97,
  author = "T. Ludwig and R. Wismuller",
  title = "{OMIS 2.0} - A Universal Interface for Monitoring Systems",
  booktitle = "Procedings of the 4th European PVM/MPI Users' Group
                Meeting", 
  editor = "M. Bubak and J. Dongarra and J. Wasniewski",
  series = "Lecture notes in Computer Science, No. 1332",
  publisher = "Springer Verlag",
  pages = "267--276",
  month = nov,
  year = 1997
}

@inproceedings{lumetta-97,
  author = "S. S. Lumetta and A. M. Mainwaring and D. E. Culler", 
  title = "Multi-Protocol Active Messages on a Cluster of {SMP}'s",
  booktitle = "Proceedings of the SuperComputing '97 Conference
                ({SC}'97)", 
  month = nov,
  year = 1997
}

@article{groselji-89,
  author = "Groselji, B. and Tropper, C.",
  title = "A Deadlock Resolution Scheme for Distributed Simulations",
  journal = "Transactions of the Scociety for Computer Simulation", 
  volume = 6,
  number = 2,
  pages = "89--132",
  month = apr,
  year = 1989
}

@article{gross-84,
  author = "D. Gross and D. Miller",
  title = "The Randomization Technique as a Modeling Tool and Solution
                Procedure for Transient Markov Processes", 
  journal = "Operations Research",
  volume = 32,
  pages = "926--944",
  year = 1984
}

@article{gud-93,
  author = "s. Gudvangen and A. G. J. Holt",
  title = "Performance Models for Message Passing Architectures",
  journal = "IEEE Proceedings. Part E, Computers and Digital
                Techniques", 
  volume = 140,
  pages = "19--32",
  month = jan,
  year = 1993
}
		  
@article{gupta-91,
  author = "A. Gupta and  I. F. Akyildiz and R. M. Fujimoto",
  title = "Performance Analysis of {T}ime {W}arp with Multiple
		  Homogeneous Processors",
  journal = "IEEE Transactions on Software Engineering",
  volume = 17,
  number = 10,
  pages = "1013--1027",
  month = oct,
  year = 1991
}

@inproceedings{gupta-14,
 author = {Gupta, Sounak and Wilsey, Philip A.},
 title = {Lock-free Pending Event Set Management in Time Warp},
 booktitle = {Proceedings of the 2Nd ACM SIGSIM Conference on Principles of Advanced Discrete Simulation},
 series = {SIGSIM PADS '14},
 year = {2014},
 isbn = {978-1-4503-2794-7},
 location = {Denver, Colorado, USA},
 pages = {15--26},
 numpages = {12},
 url = {http://doi.acm.org/10.1145/2601381.2601393},
 doi = {10.1145/2601381.2601393},
 acmid = {2601393},
 publisher = {ACM},
 address = {New York, NY, USA},
 keywords = {lock-free, multi-core, pending event lists, threads, time warp},
} 

@inproceedings{gupta-17,
  title={Quantitative Driven Optimization of a Time Warp Kernel},
  author={Gupta, Sounak and Wilsey, Philip A},
  booktitle={Proceedings of the 2017 ACM SIGSIM Conference on Principles of Advanced Discrete Simulation},
  pages={27--38},
  year={2017},
  organization={ACM}
}

@conference{hamnes-94,
  author = "D. O. Hamnes and A. Tripathi",
  title = "Investigations in Adaptive Distributed Simulation",
  booktitle = "Proc. of the 8th Workshop on Parallel and Distributed
               Simulation (PADS 94)",  
  organization = "Society for Computer Simulation",
  pages = "20--23",
  month = jul,
  year = 1994
}

@article{heidelberger-93,
  author = "P. Heidelberger and D. M. Nicol",
  title = "Conservative Parallel Simulation of Continuous Time Markov
                Chains Using Uniformization",
  journal = "IEEE Transactions on Parallel and Distributed Systems",
  volume = "4",
  pages = "906--921",
  year = 1993
}

@inproceedings{holder-08,
  author = "A. O. Holder and C. Carothers",
  title = "Analysis of Time Warp on a 32,768 Processor IBM Blue Gene/L Supercomputer",
  booktitle = "Proceedings of the 2008 European Modeling and Simulation Symposium (EMSS '08)", 
  year = 2008
}

@inproceedings{hong-96,
  author =       "H. K. Kim and J. Jean",
  title =        "Concurrency Preserving Partitioning {(CPP)} for
               Parallel Logic Simulation",
  pages =        "98--105",
  booktitle =    "Proceedings of the Tenth Workshop on Parallel and
               Distributed Simulation",
  month =        may # "~22--24",
  year =         "1996",
}

@inproceedings{hontallas-89,
  author = "P. Hontallas and others",
  title = "Performance of Colliding Pucks simulation on the {Time Warp}
                Operating System",
  booktitle = "Distributed Simulation", 
  publisher = "Society of Computer Simulation",
  year = 1989 ,
  pages = "3-7"
}

@inproceedings{hurford-96,
  author = "J. F. Hurford and T. C. Hartrum",
  title = "Improving Conservative {VHDL} Simulation Performance by
                Reduction of Feedback",
  booktitle = "Proc. of the 10th Workshop on Parallel and Distributed
               Simulation (PADS 96)",  
  pages = "196--201",
  month = may,
  year = 1996
}

@inproceedings{hybinette-99,
  author = "Maria Hybinette and Richard Fujimoto",
  title = "Optimistic Computations in Virtual Environments",
  booktitle = "Proceedings of the Virtual Worlds and Simulation
                Conference (VWSIM'99)", 
  pages = "39--44",
  month = jan,
  year = 1999
}

@inproceedings{jagtap-12,
  author={Jagtap, D. and Abu-Ghazaleh, N. and Ponomarev, D.},
  booktitle={Parallel Distributed Processing Symposium (IPDPS), 2012 IEEE 26th International},
  title={Optimization of Parallel Discrete Event Simulator for Multi-core Systems},
  pages="520-531",
  ISSN="1530-2075",
  month=May,
  year=2012
}

@book{jain-91,
  author = "Raj Jain",
  title = "The Art of Computer Systems Performance Analysis: Techniques
                for Experimental Design, Measurement, Simulation, and
                Modeling", 
  publisher = "Wiley-Interscience",
  address = "New York, NY",
  month = apr,
  year = 1991
}

@article{jefferson-85,
  author = "D. Jefferson",
  title = "Virtual Time",
  journal = "ACM Transactions on Programming Languages and Systems",
  volume = "7",
  number = "3",
  pages = "405--425",
  month = jul,
  year = 1985
}

@inproceedings{jefferson-87,
  author = "D. Jefferson and B. Beckman and F. Wieland and L. Blume
		  and M. {Di Loreto} and P. Hontalas and P. Laroche
		  and K. Sturdevant and J. Tupman and V. Warren and
		  J. Wedel and H. Younger and S. Bellenot",
  title = "Distributed Simulation and the {T}ime {W}arp Operating
		  System", 
  booktitle = "Proceedings of the 12$^{th}$ {SIGOPS} --- Symposium
		  of Operating Systems Principles", 
  pages = "77--93",
  year = 1987
}

@inproceedings{jefferson-91,
  author = "D. Jefferson and P. L. Reiher",
  title = "Supercritical Speedup",
  booktitle = "Proceedings of the 24$^{th}$ Annual Simulation
		  Symposium", 
  editor = "A. H. Rutan",
  publisher = "IEEE Computer Society Press",
  pages = "159--168",
  month = apr,
  year = 1991
}

@misc{evans-06,
  author = "Jason Evans",
  title = "A Scalable Concurrent malloc(3) Implementation for FreeBSD",
  year = 2006
}

@inproceedings{ianni-17,
  author = {Ianni, Mauro and Marotta, Romolo and Pellegrini, Alessandro and Quaglia, Francesco},
  title = {Towards a Fully Non-blocking Share-everything PDES Platform},
  booktitle = {Proceedings of the 21st International Symposium on Distributed Simulation and Real Time Applications},
  series = {DS-RT '17},
  year = {2017},
  isbn = {978-1-5386-4028-9},
  location = {Rome, Italy},
  pages = {25--32},
  numpages = {8},
  url = {http://dl.acm.org/citation.cfm?id=3199858.3199863},
  acmid = {3199863},
  publisher = {IEEE Press},
  address = {Piscataway, NJ, USA},
}

@article{jones-86,                                                          
  author = "D. Jones",
  title = "An Emperical Comparison of Priority-Queue and Event-Set
                Implementations", 
  journal = "Communications of the ACM",          
  volume = 29,
  number = 4,
  pages = "300--311",
  year = 1986
}

@article{jones-89,
  author = "D. W. Jones",
  title = "Concurrent Operations on Priority Queues",
  journal = "Communications of the ACM",
  volume = "32",
  number = "1",
  pages = "132--137",
  year = 1989
}

@inproceedings{kapp-95,
  author =       "K. L. Kapp and T. C. Hartrum and T. S. Wailes",
  title =        "An Improved Cost Function for Static Partitioning of
               Parallel Circuit Simulations Using a Conservative
               Synchronization Protocol",
  pages =        "78--85",
  booktitle =    "Proceedings of the 9th Workshop on Parallel and
               Distributed Simulation (PADS '95)",
  year =         "1995",
}

@inproceedings{kiskis-91,
  author = "D. L. Kiskis and K. G. Shin",
  title  = "Generating Synthetic Workloads for Real Time Systems",
  booktitle = "Proc. IEEE Workshop on Real Time Operating Systems and
                Software", 
  month = may,
  year = 1991
}

@phdthesis{kiskis-92,
  author = "Daniel Lee Kiskis",
  title = "Generation of Synthetic Workloads for Distributed Real-Time
                Computing Systems", 
  school = "University of Michigan",
  year = 1992
}

@inproceedings{kiskis-94,
  author = "D. L. Kiskis and K. G. Shin",
  title = "{SWSL}: A synthetic Workload Specification Language for Real
                Time Systems",
  booktitle = "IEEE Transactions on Software Engineering",
  pages = "798--811",
  volume = 20,
  number = 10,
  month = oct,
  year = 1994
}

@inproceedings{kravitz-88,
  author = "S. A. Kravitz and B. D. Ackland",
  title = "Static vs.~dynamic partitioning of circuits for a MOS timing
                  simulator on a message-based multiprocessor", 
  booktitle = "Proceedings of the SCS Multi-conference on Distributed
                  Simulation", 
  year = 1988
}

@article{kravitz-89,
  author = "S. A. Kravitz and R. E. Bryant and R. A. Rutenbar",
  title = "Logic Simulation on Massively Parallel Architectures",
  journal = "Proc. 16th Annual International Symposium on Computer
             Architecture", 
  pages = "336--343",
  year = 1989
}

@article{kravitz-91,
  author = "S. A. Kravitz and R. E. Bryant and R. A. Rutenbar",
  title = "Massively Parallel Switch-Level Simulation: A Feasibility
           Study",
  journal = "IEEE Transactions on Computer-Aided Design",
  volume = 10,
  number = 7,
  pages = "871--894",
  year = 1991
}

@inproceedings{kumar-89,
  author = "D. Kumar",
  title  = "An approximate method to predict the performance of a
                distributed simulation scheme", 
  booktitle = "Proceedings of the 1989 Internation Conference on Parallel
                Processing", 
  pages ="259--262",
  month = aug,
  year = 1989
}

@article{kuszmaul-15,
  author = "Kuszmaul, Bradley C.",
  title = "SuperMalloc: A Super Fast Multithreaded Malloc for 64-bit Machines",
  journal = "SIGPLAN Not.",
  volume = 50,
  number = 11,
  month = jun,
  year = 2015,
  pages = "41--55",
  numpages = 15,
} 

@article{lai-87,
  author = "T. Lai and J. Yang",
  title = "On Distributed Snapshots",
  journal = "Information Processing Letters",
  volume = 25,
  pages = "153--158",
  month = may,
  year = 1987
}

@article{lamport-78,
  author = "L. Lamport",
  title = "Time, Clocks, and the Ordering of Events in a
  	      Distributed System", 
  journal = "Communications of ACM",
  volume = "21",
  number = "7",
  pages = "558--565",
  month = jul,
  year = 1978
}

@article{lamport-89,
  author = "L. Lamport",
  title = "A Simple Approach to Specifying Concurrent Systems",
  journal = "Communications of ACM",
  pages = "32--45",
  month = jan,
  year = 1989
}

@article{lee-93,
  author = "E. K. Lee and R. H. Katz",
  title = "An Analytic Performance Model of Disk Arrays",
  journal = "Proceedings of 1993 {ACM} {SIGMETRICS}",
  pages = "98--109",
  month = may,
  year = 1993
}

@article{leivent-93,
  author = "J. I. Leivent and R. J. Watro",
  title = "Mathematical Foundations for {T}ime {W}arp Systems",
  journal = "{ACM} Transactions on Programming Languages and Systems",
  volume = 15,
  number = 5,
  pages = "771--794",
  month = nov,
  year = 1993
}

@techreport{lin-89,
  author = "Y-B. Lin and E. D. Lazowska",
  title = "The Optimal Checkpoint Interval in {T}ime {W}arp Parallel
  	     Simulation", 
  institution = "Department of Computer Science and Engineering, 
                 University of Washington",
  address = "Seattle, Washington",
  number = "89--09--04",
  month = sep,
  year = 1989
}

@techreport{lin-89b,
  author = "Y-B. Lin and E. Lazowska",
  title = "Determining the Global Virtual Time in a Distributed
           Simulation", 
  institution = "Department of Computer Science and Engineering,
                 University of Washington",
  address = "Seattle, Washington",
  number = "90--01--02",
  year = 1989
}

@inproceedings{lin-90,
  author = "Y-B. Lin and E. Lazowska",
  title = "Determining the Global Virtual Time in a Distributed
           Simulation", 
  booktitle = "1990 International Conference on Parallel
		  Processing",
  pages = "III-201--III-209",
  year = 1990
}

@conference{lin-90a,
  author = "Y-B. Lin and E. D. Lazowska",
  title = "Optimality Considerations for ``{T}ime {W}arp'' Parallel
  	     Simulation", 
  booktitle = "Distributed Simulation",
  organization = "Society for Computer Simulation",
  page = "29--34",
  month = jan,
  year = 1990
}

@conference{lin-90b,
  author = "Y-B. Lin and E. D. Lazowska and J-L. Baer",
  title = "Conservative Parallel Simulation for Systems with No
           Lookahead Prediction",
  booktitle = "Distributed Simulation",
  organization = "Society for Computer Simulation",
  pages = "144--149",
  month = jan,
  year = 1990
}

@inproceedings{lin-91,
  author = "Y-B. Lin and E. D. Lazowska",
  title = "Processor Scheduling for {T}ime {W}arp Parallel Simulation",
  booktitle = "Advances in Parallel and Distributed Simulation", 
  organization = "Society for Computer Simulation",
  pages = "11--14",
  month = jan,
  year = 1991
}

@article{lin-91-tomacs,
  author = "Y-B. Lin and E. D. Lazowska",
  title = "A Study of {T}ime {W}arp Rollback Mechanism",
  journal = "{ACM} Transactions on Modeling and Computer
		  Simulation", 
  volume = 1,
  number = 1,
  pages = "51--72",
  month = jan,
  year = 1991
}

@article{lin-91-tomacs-opt,
  author = "Y-B. Lin and B. R. Preiss",
  title = "Optimal Memory Management for {T}ime {W}arp Parallel
		  Simulation", 
  journal = "{ACM} Transactions on Modeling and Computer
		  Simulation", 
  volume = 1,
  number = 4,
  pages = "283--307",
  month = oct,
  year = 1991
}

@inproceedings{lin-92,
  author = "Y-B. Lin",
  title = "Memory Management Algorithms for Optimistic Parallel
           Simulation",
  booktitle = "6th Workshop on Parallel and Distributed Simulation", 
  organization = "Society for Computer Simulation",
  pages = "43--52",
  month = jan,
  year = 1992
}

@inproceedings{lin-93,
  author = "Y-B. Lin and B. R. Preiss and W. M. Loucks and E. D.
            Lazowska", 
  title = "Selecting the Checkpoint Interval in {T}ime {W}arp
           Simulation", 
  booktitle = "Proc of the 7th Workshop on Parallel and Distributed
               Simulation (PADS)",  
  organization = "Society for Computer Simulation",
  pages = "3--10",
  month = jul,
  year = 1993
}

@article{lin-94,
  author = "Y-B. Lin",
  title = "Determining the Global Progress of Parallel Simulation with
                {FIFO} Commmunication Property",
  journal = "Information Processing Letters",
  volume = 50,
  pages = "13--17",
  year = 1994
}

@article{lin-96,
  author = "Y-B. Lin",
  title = "Estimating the Likelihood of Success of Lazy Cancellation
		  in {T}ime {W}arp Simulations",
  journal = "International Journal in Computer Simulation", 
  year = 1996
}

@article{lin-96b,
  author={Yi-Bing Lin and Fishwick, P.A.},
  journal={Systems, Man and Cybernetics, Part A: Systems and Humans, IEEE Transactions on},
  title={Asynchronous parallel discrete event simulation},
  year={1996},
  volume={26},
  number={4},
  pages={397-412},
  doi={10.1109/3468.508819},
  ISSN={1083-4427},
  month={Jul},
}

@article{lin-96-pcs,
  author = "Yi-Bing Lin and Paul A. Fishwick",
  title = "Asynchronous parallel discrete event simulation",
  journal = "{IEEE} Transactions on Systems, Man and Cybernetics, Part A: Systems and Humans", 
  pages = "397--412",
  volume = 26,
  number = 4,
  month = jul,
  year = 1996,
  issn = "1083-4427",
  doi = "10.1109/3468.508819"
}

@inproceedings{linden-18,
  title={Fine-Grained Local Dynamic Load Balancing in PDES},
  author={Lind{\'e}n, Jonatan and Bauer, Pavol and Engblom, Stefan and Jonsson, Bengt},
  booktitle={Proceedings of the 2018 ACM SIGSIM Conference on Principles of Advanced Discrete Simulation},
  pages={201--212},
  year={2018},
  organization={ACM}
}

@conference{liu-07,
  author = "Q. Liu and G. Wainer",
  title = "Performance Analysis of an Optimistic Simulator for CD++",
  booktitle = "40th Annual Simulation Symposium (ANSS '07)",
  pages = "123--132",
  year = 2007
}

@article{lockless-10,
  author = {{Lockless Inc.}},
  title = "Spinlocks and Read-Write Locks",
  year = 2010,
  note = {[Online] \url{http://locklessinc.com/articles/locks/}}
}


@misc{ltalloc,
  author = "Goggle Code",
  title = "ltalloc: LightweighT Almost Lock-Less Oriented for C++ programs memory allocator",
  note = {[Online] \url{https://code.google.com/archive/p/ltalloc/}}
}

@conference{lubachevsky-88,
  author = "B. D. Lubachevsky",
  title = "Bounded Lag Distributed Discrete Event Simulation",
  booktitle = "Multi-Conference on Distributed Simulation",
  pages = "183--191",
  month = feb,
  year = 1988
}

@conference{lubachevsky-89,
  author = "B. D. Lubachevsky and others",
  title = "Rollback Sometimes Works...If Filtered",
  booktitle = "Winter Simulation Conference",
  organization = "Society for Computer Simulation",
  pages = "630--639",
  month = dec,
  year = 1989
}

@phdthesis{macedonia-95,
  author = "Michael R. Macedonia",
  title = "A Network Software Architecture for Large Scale Virtual
                Environments",
  school = "Naval Postgraduate School",
  address = "Monterey, California",
  month = jun,
  year = 1995
}

@conference{madisetti-88,
  author = "V. Madisetti and J. Walrand and D. Messerschmitt",
  title = "Wolf: A Rollback Algorithm for Optimistic Distributed 
	     Simulation Systems",
  booktitle = "Winter Simulation Conference",
  organization = "Society for Computer Simulation",
  pages = "296--305",
  month = dec,
  year = 1988
}

@inproceedings{marenzoni-97,
  author = "P. Marenzoni and G. Rimassa and M. Vignali and M. Bertozzi
                and G. Conte and P. Rossi", 
  title = "An Operating System Support to Low-Overhead Communications in
                {NOW} Clusters", 
  booktitle = "Proceedings of Communication and Architectural Support
                for Net work-Based Parallel Computing {CANPC97}",
  volume = 1199,
  pages = "130--143",
  publisher = "Springer-Verlag",
  address = "San Antonio, Texas",
  month = feb,
  year = 1997
}

@conference{martin-95-viuf,
  author = "D. E. Martin and T. J. {McBrayer} and P. A. Wilsey",
  title = "{T}ime {W}arp Parallel Simulation of {VHDL} Descriptions and
		  the need for Dynamic Parameter Adjustment",
  booktitle = "VHDL Users' Group Fall 1995 Conference",
  pages = "7.1--7.10",
  month = oct,
  year = 1995
}

@conference{martin-96,
  author = "D. E. Martin and T. J. {McBrayer} and P. A. Wilsey",
  title = "{\sc warped}: A {T}ime {W}arp Simulation Kernel for Analysis
		  and Application Development",
  booktitle = "29th Hawaii International Conference on System
		  Sciences (HICSS-29)",
  editor = "H. {El-Rewini} and B. D. Shriver",
  volume = "Volume I",
  pages = "383--386",
  month = jan,
  year = 1996
}

@inproceedings{martini-97,
  author = "P. Martini and M. R{\"{u}}mekasten and J. T{\"{o}}lle", 
  title = "Tolerant Synchronization for Distributed Simulations of
                Interconnected Computer Networks",  
  booktitle = "Proc of the 11th Workshop on Parallel and Distributed
               Simulation ({PADS} 97)",  
  organization = "Society for Computer Simulation",
  pages = "138--141",
  month = jun,
  year = 1997
}

@inproceedings{marotta-16a,
  author = {Marotta, Romolo and Ianni, Mauro and Pellegrini, Alessandro and Quaglia, Francesco},
  title = {A Lock-Free O(1) Event Pool and Its Application to Share-Everything PDES Platforms},
  booktitle = {Proceedings of the 20th International Symposium on Distributed Simulation and Real-Time Applications},
  series = {DS-RT '16},
  year = {2016},
  isbn = {978-1-5090-3504-5},
  location = {Uxbridge, United Kingdom},
  pages = {53--60},
  numpages = {8},
  url = {https://doi.org/10.1109/DS-RT.2016.33},
  doi = {10.1109/DS-RT.2016.33},
  acmid = {3200877},
  publisher = {IEEE Press},
  address = {Piscataway, NJ, USA},
}

@inproceedings{marotta-16b,
  author = {Marotta, Romolo and Ianni, Mauro and Pellegrini, Alessandro and Quaglia, Francesco},
  title = {A Non-Blocking Priority Queue for the Pending Event Set},
  booktitle = {Proceedings of the 9th EAI International Conference on Simulation Tools and Techniques},
  series = {SIMUTOOLS'16},
  year = {2016},
  isbn = {978-1-63190-120-1},
  location = {Prague, Czech Republic},
  pages = {46--55},
  numpages = {10},
  url = {http://dl.acm.org/citation.cfm?id=3021426.3021434},
  acmid = {3021434},
  publisher = {ICST (Institute for Computer Sciences, Social-Informatics and Telecommunications Engineering)},
  address = {ICST, Brussels, Belgium, Belgium},
}

@inproceedings{marotta-17,
  author = {Marotta, Romolo and Ianni, Mauro and Pellegrini,
            Alessandro and Quaglia, Francesco},
  title = {A Conflict-Resilient Lock-Free Calendar Queue for
            Scalable Share-Everything PDES Platforms},
  booktitle = {Proceedings of the 2017 ACM SIGSIM Conference
            on Principles of Advanced Discrete Simulation},
  series = {SIGSIM-PADS '17},
  year = {2017},
  isbn = {978-1-4503-4489-0},
  location = {Singapore, Republic of Singapore},
  pages = {15--26},
  numpages = {12},
  url = {http://doi.acm.org/10.1145/3064911.3064926},
  doi = {10.1145/3064911.3064926},
  acmid = {3064926},
  publisher = {ACM},
  address = {New York, NY, USA},
  keywords = {PDES, lock-free synchronization, pending event set,
            speculative simulation},
}

@inproceedings{mattern-89,
  author = "F. Mattern",
  title = "Virtual Time and Global States in Distributed Systems",
  booktitle = "Proceedings of the  Workshop on Parallel and Distributed
                Algorithms", 
  pages = "215--226",
  month = oct,
  year = 1989
}

@techreport{mattern-91,
  author = "F. Mattern and H. Mehl and A. A. Schoone and G. Tel",
  title = "Global Virtual Time Approximation with Distributed
		  Termination Detection Algorithms",
  institution = "Dept. of Computer Science, University of Utrecht",
  address = "The Netherlands",
  type = "Tech. Rep.",
  number = "{RUU--CS--91--32}",
  year = 1991
}

@article{mattern-93,
  author = "F. Mattern",
  title = "Efficient Algorithms for Distributed Snapshots and Global
		  Virtual Time Approximation",
  journal = "Journal of Parallel and Distributed Computing",
  volume = 18,
  number = 4,
  pages = "423--434",
  month = aug,
  year = 1993
}

@conference{matsumoto-93,
  author = "Y. Matsumoto and K. Taki",
  title = "Adaptive Time-Ceiling for Efficient Parallel Discrete
           Event Simulation",
  booktitle = "Object-Oriented Simulation Conference {(OOS '93)}",
  editor = "T. Beaumariage and C. Roberts",
  organization = "Society for Computer Simulation",
  pages = "101--106",
  month = jan,
  year = 1993
}

@inproceedings{mcbrayer-92-vhdl,
  author = "T. {McBrayer} and D. Charley and P. A. Wilsey and D. A.
            Hensgen",
  title = "A Parallel, Optimistically Synchronized {VHDL} Simulator
           Executing on a Network of Workstations",
  booktitle = "Proc. of the Fall 1992 VHDL Int Users' Forum",
  pages = "218--222",
  month = oct,
  year = 1992
}

@inproceedings{mcbrayer-94,
  author= "T. McBrayer and V. Krishnaswamy and S. Mohanty and L. Moore and
                X. Liu and J. Carter and D. Charley and P. A. Wilsey and
                D. A. Hensgenand H. W. Carter and P. Chawla and
                J. Collier and S. Bilik", 
  title = "{VAST}: Time Warp Simulation of {VHDL} on {SMP} Workstations",
  booktitle = "{VHDL} Users' Group Fall 1994 Conference", 
  month = nov,
  year = 1994
}

@inproceedings{mcbrayer-95-ipps,
  author = "T. {McBrayer} and P. A. Wilsey",
  title = "Process Combination to Increase Event Granularity in
		  Parallel Logic Simulation",
  booktitle = "9th International Parallel Processing Symposium",
  pages = "572--578",
  month = apr,
  year = 1995
}

@phdthesis{mcbrayer-thesis,
  author = "T. {McBrayer}",
  title = "Combination of Parallel Tasks to Speed Up Optimistic
                Simulation", 
  school = "University of Cincinnati",
  month = may,
  year = 1996,
  note = "(PhD proposal)"
}

@misc{mehlhorn-96,
   author = {K. Mehlhorn and S. N\"{a}her and Christian Uhrig},
   title = "{The LEDA User Manual Version R 3.4.1}",
   school = {Max-Planck-Institut f\"{u}r Informatik},
   year = 1996
} 

@article{mellor-91,
  title={Algorithms for scalable synchronization on shared-memory multiprocessors},
  author={Mellor-Crummey, John M and Scott, Michael L},
  journal={ACM Transactions on Computer Systems (TOCS)},
  volume={9},
  number={1},
  pages={21--65},
  year={1991},
  publisher={ACM}
}

@techreport{michael-95,
   author = "Maged M. Michael and Michael L. Scott",
   title = "Correction of a Memory Management Method for Lock-Free Data Structures",
   year = 1995,
   institution = "University of Rochester",
   address = "Rochester, NY, USA"
}

@inproceedings{michael-96,
   author = "Michael, Maged M. and Scott, Michael L.",
   title = "Simple, Fast, and Practical Non-blocking and Blocking Concurrent Queue Algorithms",
   booktitle = "Proceedings of the Fifteenth Annual ACM Symposium on Principles of Distributed Computing",
   series = "PODC '96",
   year = 1996,
   pages = "267--275",
   url = {http://doi.acm.org/10.1145/248052.248106},
   doi = {10.1145/248052.248106},
   acmid = {248106}
}
                  
@article{michael-98,
  author = "Michael, Maged M. and Scott, Michael L.",
  title = "Nonblocking Algorithms and Preemption-safe Locking on Multiprogrammed Shared Memory Multiprocessors", 
  journal = "Journal of Parallel and Distributed Computing",
  pages = "1--26",
  volume = 51,
  number = 1,
  month = may,
  year = 1998,
  url = {http://dx.doi.org/10.1006/jpdc.1998.1446},
  doi = {10.1006/jpdc.1998.1446},
} 

@inproceedings{michael-02,
  author = "Michael, Maged M.",
  title = "High Performance Dynamic Lock-free Hash Tables and List-based Sets",
  booktitle = "Proceedings of the Fourteenth Annual ACM Symposium on Parallel Algorithms and Architectures",
  series = "SPAA '02",
  year = 2002,
  pages = {73--82},
  url = {http://doi.acm.org/10.1145/564870.564881},
  doi = {10.1145/564870.564881},
  acmid = {564881}
}

@article{michael-04,
  author = "Michael, Maged M.",
  title = "Hazard Pointers: Safe Memory Reclamation for Lock-Free Objects",
  journal = "IEEE Trans. Parallel Distrib. Syst.",
  issue_date = {June 2004},
  volume = "15",
  number = "6",
  month = jun,
  year = 2004,
  pages = "491--504",
  url = {http://dx.doi.org/10.1109/TPDS.2004.8},
  doi = {10.1109/TPDS.2004.8},
  acmid = {987595}
}

@article{misra-86,
  author = "J. Misra",
  title = "Distributed Discrete-Event Simulation",
  journal = "Computing Surveys",
  volume = 18,
  number = 1,
  pages = "39--65",
  month = mar,
  year = 1986
}

@book{mitrani-82,
  author = "Isreal Mitrani",
  title = "Simulation Techniques for Discrete Event Systems",
  publisher = "Cambridge University Press",
  address = "New York",
  year = 1982
}

@inproceedings{mohanty-95-mascots,
  author = "S. Mohanty and V. Krishnaswamy and P. A. Wilsey",
  title = "System Modeling, Performance Analysis, and Evolutionary
		  Prototyping with Hardware Description Languages",
  booktitle = "Proceedings of the Third International Workshop on
		  Modeling, Analysis and Simulation of Computer and
		  Telecommunication Systems {(MASCOTS'95)}",  
  editor = "P. Dowd and E. Gelenbe",
  pages = "312--318",
  month = jan,
  year = 1995
}

@inproceedings{mohanty-95-rsp,
  author = "S. Mohanty and P. A. Wilsey",
  title = "Rapid System Prototyping, System Modeling, and Analysis
		  in a Hardware-Software Codesign Environment",
  booktitle = "IEEE Rapid Systems Prototyping Workshop",  
  editor = "R. Lauwereins",
  pages = "154--160",
  month = jun,
  year = 1995
}

@inproceedings{mohanty-95-euro-dac,
  author = "S. Mohanty and P. A. Wilsey",
  title = "System Modeling, Hardware-Software Codesign, and Mixed
		  Modeling with Hardware Description Languages",
  booktitle = "1995 {EURO-DAC} Conference",  
  pages = "322--327",
  month = sep,
  year = 1995
}

@inproceedings{moore-95,
  author = "L. Moore and D. A. Hensgen and D. Charley and
		  V. Krishnaswamy and T. {McBrayer} and D. E. Martin
		  and P. A. Wilsey",
  title = "{graze}: A Tool for Performance Visualization and Analysis",
  booktitle = "1995 International Conference on Parallel Processing",  
  volume = "Vol. II Software",   
  editor = "C. Polychronopoulos",
  pages = "II-135--II-138",
  month = aug,
  year = 1995
}

@inproceedings{musser-89,
  title={Generic Programming," invited paper},
  author={Musser, DR and Stepanov, AA},
  booktitle={ISSAC},
  volume={88},
  year={1989}
}

@article{nagel-91,
  author = "W. E. Nagel and M. A. Linn",
  title = "Benchmarking parallel Programs in a multiprogramming
                environment: The {PAR}-Bench system",
  journal = "Parallel Computing",
  volume = "17",
  year = 1991,
  pages = "1303-1321"
}

@book{nelson-95,
  author = "Barry L. Nelson",
  title = "Stochastic modeling : analysis and simulation",
  publisher = "McGraw-Hill",
  address = "New York",
  year = 1995
}

@inproceedings{newell-57,
  title={Empirical explorations of the logic theory machine:
        a case study in heuristic},
  author={Newell, Allen and Shaw, J Clifford and Simon, Herbert A},
  booktitle={Papers presented at the February 26-28, 1957, western
        joint computer conference: Techniques for reliability},
  pages={218--230},
  year={1957},
  organization={ACM}
}

@article{newman-06,
  title={Modularity and community structure in networks},
  author={Newman, Mark EJ},
  journal={Proceedings of the national academy of sciences},
  volume={103},
  number={23},
  pages={8577--8582},
  year={2006},
  publisher={National Acad Sciences}
}

@article{nicol-90,
  author = "D. M. Nicol",
  title = "Analysis of Synchronization in Massively Parallel
                Discrete-Event-Simulations",
  journal = "Sigplan Notices",
  volume = 25,
  number = 3,
  pages = "89--98",
  year = 1990
}

@inproceedings{nicol-93,
  author = "D. M. Nicol",
  title = "Global Synchronization for Optimistic Parallel Discrete
		  Event Simulation",
  booktitle = "Proc. of the 7th Workshop on Parallel and Distributed
               Simulation (PADS)",  
  organization = "Society for Computer Simulation",
  pages = "27--34",
  month = jul,
  year = 1993
}

@article{nicol-93-jpdc,
  author = "D. M. Nicol and P. Heidelberger",
  title = "Optimistic Parallel Simulation of Continuous Time Markov
                Chains using Uniformization", 
  journal = "Journal of Parallel and Distributed Computing",
  volume = 18,   
  pages = "395--410",
  year = 1993
}

@article{nicol-94,
  author = "D. M. Nicol and R. M. Fujimoto",
  title = "Parallel Simulation Today",
  journal = "Annals of Operations Research",
  volume = 53,   
  year = 1994
}

@article{nicol-95,
  author = "D. M. Nicol and P. Heidelberger",
  title = "A Comparative Study of Parallel Algorithms for Simulating
                Continuous Time Markov Chains",  
  journal = "{ACM} Transactions on Modeling and Computer Simulation",
  volume = 5,   
  pages = "326--354",
  year = 1995
}

@inproceedings{nicol-96,
  author = "D. Nicol and P. Heidelberger",
  title = "On Extending More Parallelism to Serial Simulators",
  booktitle = "Proc. of the 10th Workshop on Parallel and Distributed
               Simulation ({PADS} 96)",  
  pages = "202--205",
  month = may,
  year = 1996
}

@inproceedings{nicol-97,
  author = "D. Nicol and X. Liu",
  title = "The Dark Side of Risk (What your mother never told you about
                {T}ime {W}arp)", 
  booktitle = "Proc. of the 11th Workshop on Parallel and Distributed
               Simulation ({PADS} 97)",  
  pages = "188--195",
  month = jun,
  year = 1997
}

@misc{pads,
  key = "PADS",
  title = "Proc. of the Annual Workshop on Parallel and Distributed
		  Simulation ({PADS})",
  publisher = "Society for Computer Simulation",
  year = "1985-"
}

@inproceedings{page-94,
  author = "Ernest H. Page and Richard E. Nance",
  title = "Parallel Discrete Event Simulation: A Modeling Methodological
                Perspective", 
  booktitle = "Proceedings of the ACM/IEEE/SCS 8th Workshop on Parallel
                and Distributed Simulation", 
  pages = "88--93",
  month = dec,
  year = 1994
}    

@inproceedings{page-98,
  author = "Ernest H. Page and Sean P. Griffin and Lynn S. Rother", 
  title = "Providing Conceptual Framework Support for Distributed
                Web-Based Simulation within The High Level Architecture", 
  booktitle = "Proceedings of SPIE: Enabling Technologies for Simulation
                Scicence II", 
  month = apr,
  year = 1998
}

@conference{palaniswamy-92,
  author = "Avinash Palaniswamy and Sandeep Aji and Philip A. Wilsey",
  title = "An Efficient Implementation of Lazy Reevaluation",
  booktitle = "Proc. of the 25th Annual Simulation Symposium",
  organization = "Society for Computer Simulation",
  pages = "140--146",
  month = apr,
  year = 1992
}

@inproceedings{palaniswamy-93-ass,
  author = "Avinash Palaniswamy and Sandeep Aji and Philip A. Wilsey",
  title = "Performance Measures for Several Optimizations to a
           Distributed Digital System Simulator",
  booktitle = "Proc. of the 26th Annual Simulation Symposium",
  organization = "Society for Computer Simulation",
  pages = "21--29",
  month = apr,
  year = 1993
}

@inproceedings{palaniswamy-93-pads,
  author = "A. Palaniswamy and P. A. Wilsey",
  title = "An Analytical Comparison of Periodic Checkpointing and
           Incremental State Saving",
  booktitle = "Proc. of the 7th Workshop on Parallel and Distributed
               Simulation (PADS 93)",  
  organization = "Society for Computer Simulation",
  pages = "127--134",
  month = jul,
  year = 1993
}

@inproceedings{palaniswamy-93-glvlsi,
  author = "A. Palaniswamy and P. A. Wilsey",
  title = "Adaptive Bounded Time Windows in an Optimistically
           Synchronized Simulator",
  booktitle = "Third Great Lakes Symposium on VLSI",
  pages = "114--118",
  year = 1993
}

@inproceedings{palaniswamy-93-vlsi,
  author = "A. Palaniswamy and P. A. Wilsey",
  title = "Adaptive Checkpoint Intervals in an Optimistically
           Synchronized Parallel Digital System Simulator",
  booktitle = "VLSI 93",
  pages = "353--362",
  month = sep,
  year = 1993
}

@phdthesis{palaniswamy-94,
  author = "A. Palaniswamy",
  title = "Dynamic Parameter Adjustment to Speed {T}ime {W}arp
           Simulation", 
  school = "Dept of ECE, University of Cincinnati",
  address = "Cincinnati, OH",
  month = apr,
  year = 1994
}

@inproceedings{palaniswamy-94-wsc,
  author = "A. Palaniswamy and P. A. Wilsey",
  title = "Scheduling {T}ime {W}arp Processes using Adaptive Control
		  Techniques",
  booktitle = "Proceedings of the 1994 Winter Simulation
		  Conference",
  editor = "J. D. Tew and S. Manivannan and D. A. Sadowski and
		  A. F. Seila",
  pages = "731--738",
  month = dec,
  year = 1994
}

@article{palaniswamy-96-jpdc,
  author = "A. Palaniswamy and P. A. Wilsey",
  title = "Parameterized {T}ime {W}arp: An Integrated Adaptive Solution
		  to Optimistic PDES",
  journal = "Journal of Parallel and Distributed Computing",
  volume = 37,
  number = 2,
  pages = "134--145",
  month = sep,
  year = 1996
}

@inproceedings{panesar-97,
  author = "K. Panesar and R. M. Fujimoto", 
  title = "Adaptive Flow Control in Time Warp",
  booktitle = "1997 Workshop on Parallel and Distributed Simulation", 
  month = jun,
  year = 1997
}

@inproceedings{patil-89,
  author = "S. Patil and P. Banerjee and C. D. Polychronopoulos",
  title = "Efficient circuit partitioning algorithms for parallel
                logic simulation",
  booktitle = "Proceedings, Supercomputing '89",
  pages = "361--370",
  month = nov,
  year = 1989
}

@book{patterson-11,
  author = "John L. Hennessy and David A. Patterson",
  title = "Computer Architecture: A Quantitative Approach",
  edition = "5th",
  publisher = "Morgan Kaufmann Publishers Inc.",
  address = "San Francisco, {CA}, {USA}",
  year = 2011
} 

@article{peacock-79,
  author = "J. K. Peacock and J. W. Wong and E. G. Manning",
  title = "Distributed Simulation Using a Network of Processors",
  journal = "Computer Networks",
  publisher = "North-Holland Publishing Co.",
  volume = "3",
  pages = "44--56",
  year = 1979
}

@inproceedings{pellegrini-11,
  author = {Pellegrini, Alessandro and Vitali, Roberto and Quaglia, Francesco},
  title = {The ROme OpTimistic Simulator: Core Internals and Programming Model},
  booktitle = {Proceedings of the 4th International ICST Conference on Simulation Tools and Techniques},
  series = {SIMUTools '11},
  year = {2011},
  isbn = {978-1-936968-00-8},
  location = {Barcelona, Spain},
  pages = {96--98},
  numpages = {3},
  url = {http://dl.acm.org/citation.cfm?id=2151054.2151075},
  acmid = {2151075},
  publisher = {ICST (Institute for Computer Sciences, Social-Informatics and Telecommunications Engineering)},
  address = {ICST, Brussels, Belgium, Belgium}
}

@article{pellegrini-17,
  author = {Pellegrini, Alessandro and Quaglia, Francesco},
  title = {A Fine-Grain Time-Sharing Time Warp System},
  journal = {ACM Trans. Model. Comput. Simul.},
  issue_date = {July 2017},
  volume = {27},
  number = {2},
  month = may,
  year = {2017},
  issn = {1049-3301},
  pages = {10:1--10:25},
  articleno = {10},
  numpages = {25},
  url = {http://doi.acm.org/10.1145/3013528},
  doi = {10.1145/3013528},
  acmid = {3013528},
  publisher = {ACM},
  address = {New York, NY, USA},
  keywords = {Optimistic synchronization},
}

@inproceedings{perumalla-98,
  author = "Kalyan S. Perumalla and Richard M. Fujimoto",
  title = "Efficient Large-Scale Process-Oriented Parallel Simulation", 
  booktitle = "Proceedings of the 1998 Winter Simulation Conference
                ({WSC}'98)", 
  pages = "459--466",
  year = 1998
}

@manual{perumalla-98-manual,
  author = "Kalyan S. Perumalla and Richard M. Fujimoto and Andrew
                T. Ogielski", 
  title = "The {TeD} Language Manual",
  year = 1998,
  note = "Available on-line at \url{www.cc.gatech.edu/computing/pads/ted.html}"
}

@article{perumalla-12,
  author = {Perumalla, Kalyan S and Seal, Sudip K},
  title = {Discrete Event Modeling and Massively Parallel Execution of Epidemic Outbreak
            Phenomena},
  journal = {Simulation},
  issue_date = {July 2012},
  volume = {88},
  number = {7},
  month = jul,
  year = {2012},
  issn = {0037-5497},
  pages = {768--783},
  numpages = {16},
  url = {http://dx.doi.org/10.1177/0037549711413001},
  doi = {10.1177/0037549711413001},
  acmid = {2339822},
  publisher = {Society for Computer Simulation International},
  address = {San Diego, CA, USA},
}

@manual{posix-96,
  title = "Threads Extension for Portable Operating Systems (Draft
                10)", 
  organization = "{IEEE}",
  month = feb,
  year = 1996,
  note = "({POSIX1003.1c} Linux implementation developed by Xavier
                Leroy)"
}

@inproceedings{prasad-95a,
  author = "S. Prasad and B. Naquib",
  title = "Effectiveness of Global Event Queues in Rollback Reduction
                and Load Balancing", 
  booktitle = "Proceedings of the 9th Workshop on Parallel and
                Distributed Simulation ({PADS} 95)",
  pages = "187--190",
  year = 1995
}

@inproceedings{prasad-95b,
  title={Using parallel data structures in optimistic discrete event
            simulation of varying granularity on shared-memory computers},
  author={Prasad, Sushil K and Sawant, Sagar I and Naqib, Basem},
  booktitle={Algorithms and Architectures for Parallel Processing, 1995.
            ICAPP 95. IEEE First ICA/sup 3/PP., IEEE First International
            Conference on},
  volume={1},
  pages={365--374},
  year={1995},
  organization={IEEE}
}

@article{prathima-86,
  author = "P. Agrawal",
  title = "Concurrency and Communication in Hardware Simulators", 
  journal = "IEEE Transactions on Computer-Aided Design",
  month = oct,
  year = 1986
}

@inproceedings{preiss-89,
  author = "Bruno R Preiss",
  title = "The {Yaddes} Distributed Discrete Event Simulation
                Specification Language and Execution Environments", 
  booktitle = "Proc. of the SCS Multiconference on Distributed
                Simulation", 
  pages  = "139-144",
  year = 1989
}

@inproceedings{preiss-92,
  author = "B. R. Preiss and I. D. MacIntrye and W. M. Loucks",
  title = "On the Trade-off between Time and Space in Optimistic
           Parallel Discrete-Event Simulation",
  booktitle = "6th Workshop on Parallel and Distributed Simulation", 
  organization = "Society for Computer Simulation",
  pages = "33--42",
  month = jan,
  year = 1992
}

@article{preiss-94,
  author = "B. R. Preiss and W. M. Loucks and I. D. MacIntrye",
  title = "Effects of the Checkpoint Interval on Time and Space
		 in Time Warp",
  journal = "ACM Transactions on Modeling and Computer Simulation",
  volume = 4,
  number = 3,
  pages = "223--253",
  year = 1994
}

@conference{preiss-95,
  author = "B. R. Preiss and W. M. Loucks",
  title = "Memory Management Techniques for {T}ime {W}arp on a
                Distributed Memory Machine",
  booktitle = "Proc. of the 9th Workshop on Parallel and Distributed
               Simulation (PADS 95)",  
  pages = "30--39",
  month = jun,
  year = 1995
}

@misc{ptmalloc2,
  author = "Wolfram Gloger",
  title = "PTMalloc",
  note = {[Online] \url{http://www.malloc.de/en/}}
}

@inproceedings{quaglia-98,
  author = "Francesco Quaglia",
  title = "Event History Based Sparse State Saving in Time Warp",
  booktitle = "Proc. of the 12th Workshop on Parallel and Distributed
                Simulation (PADS'98)", 
  pages = "72--79",
  month = may,
  year = 1998
}

@inproceedings{quaglia-99a,
  author = "Francesco Quaglia",
  title = "Combining Periodic and Probabilistic Checkpointing in
                Optimistic Simulation", 
  booktitle = "Proc. of the 13th Workshop on Parallel and Distributed
                Simulation (PADS'99)", 
  pages = "109--116",
  month = may,
  year = 1999
}

@inproceedings{quaglia-99b,
  author = "Francesco Quaglia",
  title = "Fast-Software-Checkpointing in Optimistic Simulation:
                Embedding State Saving into the Event Routine
                Instructions", 
  booktitle = "Proc. of the 13th Workshop on Parallel and Distribued
                Simulation (PADS'99)", 
  pages = "118--125",
  month = may,
  year = 1999
}

@manual{quantify,
  title = "Quantify Runtime Analysis Tool",
  organization = {Rational Software Corporation, 18880 Homestead Rd., Cupertino, CA 95014} ,
  note =  "(available at {\tt http://www.rational.com/products/pqc/index.jsp})"
}

@inproceedings{quaglia-00a,
  author = "Francesco Quaglia",
  title = "A State-Based Scheduling Algorithm for Time Warp 
			Synchronization",
  booktitle = "Proc. of 33rd Annual Simulation Symposium",
  month = apr,
  year = 2000
}

@inproceedings{quaglia-00b,
  author = "Francesco Quaglia and Vittotio Cortellessa",
  title = "Grain Sensitive Event Scheduling in Time Warp 
			Parallel Discrete Event Simulation",
  booktitle = "Proc. of 14th Workshop on Parallel and 
			Distributed Simulation(PADS00)",
  month = may,
  year = 2000
}

@article{raid94,
  author = "Peter M. Chen",
  title = "{RAID}: High-Performance, Reliable Secondary Storage.",
  journal = "ACM Computing Surveys",
  volume = 26,
  number = 2,
  pages = "145--185",
  month = jun,
  year = 1994
}

@conference{rajan-95,
  author = "R. Rajan and P. A. Wilsey",
  title = "Dynamically Switching between Lazy and Aggressive
		  Cancellation in a {T}ime {W}arp Parallel Simulator",
  booktitle = "Proc. of the 28th Annual Simulation Symposium",
  publisher = "IEEE Computer Society Press",
  pages = "22--30",
  month = apr,
  year = 1995
}

@mastersthesis{rajan-96-ms,
  author = "R. Rajan",
  title = "Cancellation Strategies in {T}ime {W}arp Simulators",
  school = "Dept of ECECS, University of Cincinnati",
  address = "Cincinnati, OH",
  month = oct,
  year = 1996
}

@article{rajan-99,
  author = "R. Rajan and R. Radhakrishnan and P. A. Wilsey",
  title = "Dynamic Cancellation: Selecting {T}ime {W}arp Cancellation
		  Strategies at Runtime",
  journal = "VLSI Design",
  volume = 9,
  number = 3,
  pages = "237--251",
  year = 1999
}

@MastersThesis{rajasekaran-98-thesis,
  author = "Umesh Kumar V. Rajasekaran",
  title = "Improving the Communication Subsystem Performance of
                \textsc{warped}",
  school = "University of Cincinnati",
  month = nov,
  year = 1998
}

@inproceedings{rajasekaran-99,
  author = "U. K. V. Rajasekaran and M. Chetlur and G. D. Sharma and
                R. Radhakrishnan and P. A. Wilsey",
  title = "Addressing Communication Latency Issues on Clusters for Fine
                Grained Asynchronous Applications --- A Case Study",  
  booktitle = "International Workshop on Personal Computer Based Network
                of Workstations, {PC-NOW}'99",
  month = apr,
  year = 1999
}

@conference{ramanan-96,
  author = "R. Radhakrishnan and T. J. McBrayer and K. Subramani and
                M. Chetlur and V. Balakrishnan and P. A. Wilsey", 
  title = "A Comparative Analysis of Various {T}ime {W}arp Algorithms
                Implemented in the \textsc{warped} Simulation Kernel", 
  booktitle = "Proceedings of the 29th Annual Simulation Symposium",
  pages = "107--116",
  month = mar,
  year = 1996
}
  
@conference{ramanan-97,
  author = "R. Radhakrishnan and L. Moore and P. A. Wilsey",
  title = "External Adjustment of Runtime Parameters in {T}ime {W}arp
                Synchronized Parallel Simulators",
  booktitle = "11th International Parallel Processing Symposium, 
                (IPPS'97)", 
  publisher = "IEEE Computer Society Press",
  month = apr,
  year = 1997
}

@conference{ramanan-98,
  author = "R. Radhakrishnan and N. Abu-Ghazaleh and M. Chetlur and
                P. A. Wilsey",  
  title = "On-line Configuration of a {T}ime {W}arp Parallel Discrete
                Event Simulator", 
  booktitle = "1998 International Conference on Parallel Processing, 
                (ICPP'98)", 
  publisher = "IEEE Computer Society Press",
  pages = "28--35",
  month = aug,
  year = 1998
}

@incollection{ramanan-98-iscope,
  author = "R. Radhakrishnan and D. E. Martin and M. Chetlur and
                D. M. Rao and P. A. Wilsey",
  title = "{A}n {O}bject-{O}riented {T}ime {W}arp {S}imulation
                {K}ernel", 
  booktitle = "Proceedings of the International Symposium on Computing
                in Object-Oriented Parallel Environments (ISCOPE'98)", 
  publisher = "Springer-Verlag",
  editor = "D. Caromel and R. R. Oldehoeft and M. Tholburn",
  volume = "LNCS 1505",
  pages = "13--23",
  month = dec,
  year = 1998
}

@inproceedings{ramanan-99-disrt,
   author = "Radharamanan Radhakrishnan and Philip A. Wilsey",
   title =  " Ruminations on the Implications of Multi-Resolution Modeling
                on DIS/HLA", 
   booktitle = "In Proceedings of the International Workshop on Distributed
                Interactive Simulation and Real Time Applications
                (DiS-RT'99)", 
   month = oct,
   year = 1999
}

@conference{ramanan-00,
  author = "R. Radhakrishnan and P. A. Wilsey",
  title = "A Hierarchically Distributed Run-time Control System for Time
                Warp based Parallel Simulation",
  booktitle = "International Parallel and Distributed Processing Symposium, 
                (IPDPS 2000)", 
  publisher = "IEEE Computer Society Press",
  month = may,
  year = 2000,
  note = "(submitted)"
}

@conference{ramanan-02,
  author = "R. Radhakrishnan and P. A. Wilsey",
  title = "Software Control Systems for Parallel Simulation",
  booktitle = "16th Workshop on Parallel and Distributed Simulation 
                (PADS 2002)", 
  publisher = "IEEE Computer Society Press",
  month = may,
  year = 2002
}

@article{randell-75,
  author = "B. Randell",
  title = "System structure for software fault tolerance",
  journal = "IEEE Trans. on Software Engineering",
  pages = "220--232",
  volume = "SE-1",
  number = 2,
  month = "June",
  year = 1975
  }

@misc{rao-97,
  author = "D. M. Rao",
  title = "The One Anti-Message Optimization",
  institution = "Dept. of ECECS, University of Cincinnati",
  month = sep,
  year = 1997,
  note = "(work in progress)"
}

@conference{rao-98,
  author = "D. M. Rao and N. V. Thondugulam and R. Radhakrishnan and
                P. A. Wilsey", 
  title = "Unsynchronized Parallel Discrete Event Simulation", 
  booktitle = "Proceedings of the 1998 Winter Simulation Conference",
  pages = "1563--1570",
  month = dec,
  year = 1998
}

@conference{rao-99,
  author = "D. M. Rao and R. Radhakrishnan and P. A. Wilsey",  
  title = "{FWNS}: {A} {F}ramework for {W}eb-based {N}etwork
                {S}imulation", 
  booktitle = "1999 International Conference On Web-Based Modelling \&
                Simulation (WebSim'99)", 
  editor = "A. G. Bruzzone and A. Uhrmacher and E. H. Page",
  organization = "Society for Computer Simulation",
  volume = 31,
  pages = "9--14",
  month = jan,
  year = 1999
}

@conference{rao-99-mascots,
  author = "D. M. Rao and P. A. Wilsey",  
  title = "Simulation of Ultra-large Communication Networks",
  booktitle = "Proceedings of the Seventh International Symposium on
                Modeling, Analysis and Simulation of Computer and
                Telecommunication Systems", 
  pages = "112--119",
  month = oct,
  year = 1999
}

@conference{rao-00,
  author = "D. M. Rao and V. Chernyakhovsky and P. A. Wilsey",  
  title = "{WESE}: {A} {W}eb-based {E}nvironment for {S}ystems {E}ngineering",
  booktitle = "2000 International Conference On Web-Based Modelling \& Simulation (WebSim'2000)", 
  organization = "Society for Computer Simulation",
  month = jan,
  year = 2000
}

@article{rao-00-tomacs,
  author = "D. M. Rao and R. Radhakrishnan and P. A. Wilsey", 
  title = "Web-based Network Analysis and Design", 
  journal = "ACM Transactions on Modeling and Computer Simulation", 
  volume = 10,
  number = 1, 
  pages = "18--38",
  month = jan,
  year = 2000
}

@inproceedings{rao-00-wsc,
  author = "Dhananjai M. Rao and Philip A. Wilsey",
  title = "Dynamic Component Substitution in Web-based Simulation",
  booktitle = "In Proceedings of the 2000 Winter Simulation Conference
                (WSC'2000)",
  month = dec,
  year = 2000
}    

@inproceedings{rao-01-icec,
  author = "D. M. Rao and P. A. Wilsey and H. W. Carter",
  title = "Optimizing Costs of Web-based Modeling and Simulation",
  booktitle = "Proceedings of the First International Workshop on Internet
                Computing and E-Commerce (ICEC'01)", 
  month = apr,
  year = 2001
}

@inproceedings{rao-01-anss,
  author = "D. M. Rao and P. A. Wilsey",
  title = "Modeling and Simulation of Active Networks",
  booktitle = "Proceedings of the 34th Annual Simulation Symposium", 
  pages = "177--184",
  month = apr,
  year = 2001
}

@conference{reiher-89,
  author = "P. L. Reiher and F. Wieland and D. R. Jefferson",
  title = "Limitation of Optimism in the {T}ime {W}arp Operating
           System", 
  booktitle = "Winter Simulation Conference",
  organization = "Society for Computer Simulation",
  pages = "765--770",
  month = dec,
  year = 1989
}

@inproceedings{reiher-90,
  author = "P. L. Reiher and R. M. Fujimoto and S. Bellenot and
		  D. Jefferson",
  title = "Cancellation Strategies in Optimistic Execution Systems",
  booktitle = "Proceedings of the SCS Multiconference on Distributed
		  Simulation",
  volume = 22,
  organization = "Society for Computer Simulation",
  pages = "112--121",
  month = jan,
  year = 1990
}

@conference{reynolds-88,
  author = "P. F. {Reynolds Jr.}",
  title = "A Spectrum of Options for Parallel Simulation", 
  booktitle = "Winter Simulation Conference",
  organization = "Society for Computer Simulation",
  pages = "325--332",
  year = 1988
}

@inproceedings{reynolds-89-wsc,
  author = "P. F. {Reynolds Jr}",
  title = "Comparative Analysis of Parallel Simulation Protocols",
  booktitle = "Proc. of the 1989 Winter Simulation Conference",
  year = 1989,
  pages = "671-678"
}

@inproceedings{reynolds-89-spectrum,
  author = "P. F. {Reynolds Jr.} and P. Dickens",
  title = "{SPECTRUM}: A Parallel Simulation Testbed",
  booktitle = "Hypercube Conference",
  bibinfo = "\bib{ReynoldsD89}{\tools}{}{}",
  year = 1989
  
}

@inproceedings{reynolds-91,
  author = "P. F. {Reynolds Jr.}",
  title = "An Efficient Framework for Parallel Simulation",
  booktitle = "Advances in Parallel and Distributed Simulation", 
  organization = "Society for Computer Simulation",
  pages = "167--174",
  month = jan,
  year = 1991
}

@journal{reynolds-93-jpdc,
  author = "P. F. {Reynolds Jr.} and C. Pancerella and S. Srinivasan",
  title = "Design and Performance Analysis of Hardware Support for
                Parallel Simulation", 
  journal = "Journal of Parallel and Distributed Computing", 
  month = aug,
  year = 1993
}

@inproceedings{robinson-97,
   author = "Stewart Robinson",
   title =  "Simulation Model Verficiation and Validation: Increasing The
                Users' Confidence", 
   booktitle = "Proceedings of the 1997 Winter Simulation Conference",
   month = dec,
   year = 1997
}

@conference{ronngren-91,
  author = "R. R{\"{o}}nngren and J. Riboe and R. Ayani",
  title = "Lazy Queue: {A}n Efficient Implementation of the
		  Pending-event Set", 
  booktitle = "Proc. of the 24th Annual Simulation Symposium",  
  pages = "194--204",
  month = apr,
  year = 1991
}

@conference{ronngren-93,
  author = "R. R{\"{o}}nngren and R. Ayani and R. M. Fujimoto and
                S. R. Das", 
  title = "Efficient implementation of event sets in Time Warp", 
  booktitle = "Proceedings of the 1993 workshop on Parallel 
               and distributed simulation",  
  pages = "101--108",
  month = may,
  year = 1993
}

@conference{ronngren-94a,
  author = "R. R{\"{o}}nngren and R. Ayani",
  title = "Adaptive Checkpointing in {T}ime {W}arp",
  booktitle = "Proc. of the 8th Workshop on Parallel and Distributed
               Simulation (PADS 94)",  
  organization = "Society for Computer Simulation",
  month = jul,
  year = 1994,
  pages = "110--117"
}

@conference{ronngren-94b,
  author = "R. R{\"{o}}nngren and R. Ayani",
  title = "Service Oriented Scheduling in Time Warp",
  booktitle = "Proc. of 1994 Winter Simulation Conference",
  month = jul,
  year = 1994,
  pages = "1340--1346"
}

@conference{ronngren-96a,
  author = "S. Skold and R. R{\"{o}}nngren ",
  title = "Event Sensitive State Saving in Time Warp 
		Parallel Discrete Event Simulations",
  booktitle = "Proc. of 1996 Winter Simulation Conference",
  month = dec,
  year = 1996,
  pages = "109--116"
}

@conference{ronngren-96b,
  author = "R. R{\"{o}}nngren and  M. Liljenstam and J. Montagnat ",
  title = "A Comparative Study of State Saving Mechanisms for Time Warp
		Synchronized Parallel Discrete Event Simulation",
  booktitle = "Proc. of 29th Annual Simulation Symposium",
  year = 1996,
  pages = "5--14"
}

@article{ronngren-97,
  author = "R. R{\"{o}}nngren and R. Ayani",
  title = "A Comparative Study of Parallel and Sequential Priority Queue
           Algorithms",
  journal = "ACM Transactions on Modeling and Computer Simulation
		  (TOMACS)", 
  volume = 7,
  number = 2,
  pages = "157--209",
  month = apr,
  year = 1997
}

@inproceedings{ronngren-99,
  author = {R\"{o}nngren, Robert and Liljenstam, Michael},
  title = {On Event Ordering in Parallel Discrete Event Simulation},
  booktitle = {Proceedings of the Thirteenth Workshop on Parallel and Distributed Simulation},
  series = {PADS '99},
  year = {1999},
  isbn = {0-7695-0155-9},
  location = {Atlanta, Georgia, USA},
  pages = {38--45},
  numpages = {8},
  url = {http://dl.acm.org/citation.cfm?id=301429.301456},
  acmid = {301456},
  publisher = {IEEE Computer Society},
  address = {Washington, DC, USA},
}

@book{ross-89,
  author = "S. M. Ross",
  title = "Introduction to Probability Models",
  edition = "4th",
  publisher = "Academic Press",
  address = "San Diego, CA",
  year = 1989
}

@phdthesis{samadi-85,
  author = "B. Samadi",
  title = "Distributed Simulation, Algorithms and Performance
		  Analysis",
  school = "Computer Science Department, University of California",
  address = "Los Angeles, CA",
  year = 1985
}

@inproceedings{santini-15,
  author = {Santini, Emanuele and Ianni, Mauro and Pellegrini, Alessandro and Quaglia, Francesco},
  title = {Hardware-Transactional-Memory Based Speculative Parallel Discrete Event Simulation of Very Fine Grain Models},
  booktitle = {Proceedings of the 2015 IEEE 22Nd International Conference on High Performance Computing (HiPC)},
  year = {2015},
  pages = {145--154},
  publisher = {IEEE Computer Society},
  address = {Washington, DC, USA},
}

@inproceedings{santoro-10,
  title={A low-overhead constant-time LTF scheduler for optimistic simulation systems},
  author={Santoro, Tiziano and Quaglia, Francesco},
  booktitle={Computers and Communications (ISCC), 2010 IEEE Symposium on},
  pages={948--953},
  year={2010},
  organization={IEEE}
}

@conference{sargent-98,
  author = "T.K. Som and R.G. Sargent",
  title = "A Probabilistic Event Scheduling Policy for Optimistic
		Parallel Discrete Event Simulation",
  booktitle = "Proc. of 12th Workshop on Parallel and 
			Distributed Simulation (PADS98)",
  year = 1998,
  month=may,
  pages = "56--63"
}

@inproceedings{schlagenhaft-95,
  title={Dynamic load balancing of a multi-cluster simulator on a network of workstations},
  author={Schlagenhaft, Rolf and Ruhwandl, Martin and Sporrer, Christian and Bauer, Herbert},
  booktitle={ACM SIGSIM Simulation Digest},
  volume={25(1)},
  pages={175--180},
  year={1995},
  organization={IEEE Computer Society}
}

@Unpublished{scl-cluster-book,
  author = "Scalable Computing Lab",
  title = "SCL Cluster Cookbook - Technology Comparison",
  note =  "(available on the www at
                \url{http://www.scl.ameslab.gov/Projects/ClusterCookbook/icperf.html})",
}

@inproceedings{sharma-99-europar,
  author = "G. D. Sharma and N. B. Abu-Ghazaleh and U. V. Rajasekaran
                and P. A. Wilsey",  
  title = "Optimizing Message Delivery in Asynchronous Distributed
                Applications", 
  editor = "P. Amestoy and P. Berger and M. Dayd{\'e} and I. Duff and
                V. Frayss{\'e} and L. Giraud and D. Ruiz", 
  booktitle = "EuroPar'99 Parallel Processing", 
  series = "Lecture Notes in Computer Science, No. 1685",
  publisher = "Springer-Verlag",
  pages = "1204--1208",
  month = sep,
  year = 1999
}

@conference{sharma-99,
  author = "G. D. Sharma and R. Radhakrishnan and U. V. Rajesekaran and
                N. B. Abu-Ghazaleh and P. A. Wilsey",  
  title = "Time Warp Simulation on Clumps",
  booktitle = "13th Workshop on Parallel and Distributed Simulation
                ({PADS} '99)",   
  pages = "174--181",
  month = may,
  year = 1999
}

@mastersthesis{sharma-99-thesis,
  author = "Girindra Datta Sharma",
  title = "{T}ime {W}arp Simulator Designs for Clusters of SMPs",
  school = "University of Cincinnati",
  month = may,
  year = 1999
}

@article{sleator-85,
  author = "D. Sleator and R. Tarjan",
  title = "Self Adjusting Binary Search Trees",
  journal = "Journal of the {ACM}",
  volume = 32,
  number = 3,
  pages = "652--686",
  year = 1985
}

@article{sleator-86,
  title={Self-adjusting heaps},
  author={Sleator, Daniel Dominic and Tarjan, Robert Endre},
  journal={SIAM Journal on Computing},
  volume={15},
  number={1},
  pages={52--69},
  year={1986},
  publisher={SIAM}
}

@inproceedings{sporrer-93,
  author =       "Christian Sporrer and Herbert Bauer",
  title =        "Corolla Partitioning for Distributed Logic Simulation
               of {VLSI}-Circuits",
  pages =        "85--92",
  booktitle =    "Proceedings of the 7th Workshop on Parallel and
               Distributed Simulation",
  month =        may,
  year =         "1993",
}

@conference{sokol-88,
  author = "L. M. Sokol and D. P. Briscoe and A. P. Wieland",
  title = "{MTW}: A Strategy for Scheduling Discrete Simulation
	     Events for Concurrent Execution",
  booktitle = "Distributed Simulation",
  organization = "Society for Computer Simulation",
  pages = "34--42",
  month = jul,
  year = 1988
}

@conference{sokol-90,
  author = "L. M. Sokol and B. K. Stucky",
  title = "{MTW}: Experimental Results for a Constrained Optimistic
	     Scheduling Paradigm",
  booktitle = "Distributed Simulation",
  organization = "Society for Computer Simulation",
  pages = "169--173",
  month = jan,
  year = 1990
}

@conference{soule-87,
  author = "L. P. Soul\'{e} and T. Blank",
  title = "Statistics for Parallelism and Abstraction Level in
		  Digital Simulation",
  booktitle = "Proceedings of the 24th Design Automation
		  Conference", 
  organization = "ACM/IEEE",
  address = "New York",
  pages = "588--591",
  year = 1987
}

@article{soule-91,
  author = "L. P. Soul\'{e} and A. Gupta",
  title = "An Evaluation of the {C}handy-{M}isra-{B}ryant Algorithm for
		  Digital Logic Simulation",
  journal = "ACM Transactions on Modeling and Computer Simulation
		  (TOMACS)", 
  volume = 1,
  number = 4,
  pages = "308--347",
  month = oct,
  year = 1991
}

@techreport{soule-92,
  author = "L. P. Soul\'{e}",
  title = "Parallel Logic Simulation: An Evaluation of
           Centralized-Time and Distributed-Time Algorithms",
  institution = "Computer Systems Laboratory, Stanford University",
  number = "{CSL--TR--92--527}",
  address = "Stanford, CA",
  month = jun,
  year = 1992
}

@article{spezialetti-86,
  author = "M. Spezialetti and P. Kearns",
  title = "Efficient Distributed Snapshots",
  journal = "Proceedings of the {IEEE} International Conference on
                Distributed  Computing Systems",
  pages = "382--388",
  year = 1986
}

@inproceedings{srinivasan-93,
   author = "S. Srinivasan and P. F. {Reynolds, Jr.}",
   title =  "Non-Interfering GVT Computation via Asynchronous Global
                Reductions",  
   booktitle = "Proceedings of the 1993 Winter Simulation Conference",
   month = sep,
   year = 1993
}

@conference{srinivasan-95a,
  author = "S. Srinivasan and P. F. {Reynolds Jr.}",
  title = "NPSI Adaptive Synchronization Algorithms for PDES",
  booktitle = "Proceedings of the 1995 Winter Simulation Conference",
  pages = "658--665",
  month = dec,
  year = 1995
}

@conference{srinivasan-95b,
  author = "S. Srinivasan and P. F. {Reynolds Jr.}",
  title = "Adaptive Algorithms vs {T}ime {W}arp: An Analytical
                Comparison",
  booktitle = "Proceedings of the 1995 Winter Simulation Conference",
  pages = "666--673",
  month = dec,
  year = 1995
}

@article{srinivasan-98,
  author = "S. Srinivasan and P. F. {Reynolds Jr.}",
  title = "Elastic time",
  journal = "ACM Transactions on Modeling and Computer Simulation",
  volume = 8,
  number = 2,
  pages = "103--139",
  month = apr,
  year = 1998
}

@inproceedings{steinman-91-ass,
  author = "J. S. Steinman",
  title = "Interactive {SPEEDES}",
  booktitle = "Proceedings of the 24$^{th}$ Annual Simulation
		  Symposium", 
  editor = "A. H. Rutan",
  publisher = "IEEE Computer Society Press",
  pages = "149--158",
  month = apr,
  year = 1991
}

@inproceedings{steinman-91-pads,
  author = "J. S. Steinman",
  title = "{SPEEDES}: A Unified Approach to Parallel Simulation",
  booktitle = "6th Workshop on Parallel and Distributed Simulation",
  organization = "Society for Computer Simulation",
  pages = "75--84",
  month = jan,
  year = 1991,
}

@inproceedings{steinman-93,
  author = "J. S. Steinman",
  title = "Breathing {T}ime {W}arp",
  booktitle = "Proc. of the 7th Workshop on Parallel and Distributed
               Simulation (PADS 93)",  
  organization = "Society for Computer Simulation",
  pages = "109--118",
  month = jul,
  year = 1993
}

@inproceedings{steinman-96,
  author = "J.S. Steinman",
  title = "Discrete-Event Simulation and the Event Horizon Part 2: Event 
           List Management", 
  booktitle = "Proceedings of the 10th Workshop on Parallel and Distributed 
               Simulation (PADS96)",
  pages = "170--178",
  year = 1996
}

@book{stevens-92,
  author = "Richard W. Stevens",
  title = "UNIX Network Programming",
  publisher = "Prentice-Hall International, INC.",
  address = "Englewood Cliffs",
  year = 1992
}

@book{stevens-96,
  author = "W. R. Stevens",
  title = "{TCP/IP} Illustrated Volume 1: The Protocols",
  publisher = "Addison-Wesley Publishing Company",
  address = "Reading Massachusetts",
  month = mar,
  year = 1996
}

@article{sun-91,
  author = "X-H. Sun and J.L. Gustafson",
  title = "Towards a Parallel Performance Metric",
  journal = "Parallel Computing",
  year = 1991,
  pages = "1093--1109",
  volume = 17
}

@article{sunderram-90,
  author = "V. Sunderram",
  title = "{PVM}: A Framework for Parallel and Distributed Computing",
  journal = "Concurrency: Practice and Experience",
  pages = "315--339",
  month = dec,
  year = 1990
}

@article{tang-05,
  author = "W. T. Tang and R. S M. Goh and I L-J. Thng",
  title = "Ladder Queue: An O(1) Priority Queue Structure for Large-Scale
                Discrete Event Simulation",
  journal = "{ACM} Transactions on Modeling and Computer Simulation",
  volume = 15,
  number = 3,
  pages = "175--204",
  month = jul,
  year = 2005
}

@misc{tcmalloc,
  author = "Sanjay Ghemawat and Paul Menage",
  title = "TCMalloc: Thread-Caching Malloc",
  note = {[Online] \url{http://goog-perftools.sourceforge.net/doc/tcmalloc.html}}
}

@mastersthesis{thondugulam-98-thesis,
  author = "Narayanan V. Thondugulam",
  title = "Unsynchronized Parallel Discrete Event Simulation",
  school = "University of Cincinnati",
  month = nov,
  year = 1998
}

@conference{thondugulam-99,
  author = "N. V. Thondugulam and D. M. Rao and R. Radhakrishnan and
                P. A. Wilsey", 
  title = "Relaxing Causal Constraints in {PDES}",
  booktitle = "13th International Parallel Processing Symposium,
                ({IPPS/SPDP} '99)",
  pages = "696--700",
  month = apr,
  year = 1999
}

@inproceedings{tomlinson-93,
  author = "A. I. Tomlinson and V. K. Garg", 
  title = "An Algorithm for Minimally Latent Global Virtual Time",
  booktitle = "Proc of the 7th Workshop on Parallel and Distributed
               Simulation (PADS)",  
  organization = "Society for Computer Simulation",
  pages = "35--42",
  month = jul,
  year = 1993
}

@misc{trilinos,
  author = {Sandia National Laboratories},
  title = "The Trilinos Project",
  note =  "\url{http://trilinos.sandia.gov})"
}    

@article{turner-92,
  author = "S. J. Turner and M. Q. Xu",
  title = "Performance Evaluation of the Bounded {T}ime {W}arp
                Algorithm", 
  journal = "Proceedings of the SCS Multiconference on Parallel and
               Distributed Simulation",
  volume = 24,
  number = 3,
  pages = "117--126",
  year = 1992
}

@article{umamageswaran-98,
  author = "K. Umamageswaran and K. Subramani and P. A. Wilsey and
                P. Alexander", 
  title = "Formal Verification and Empirical Analysis of Rollback
                Relaxation", 
  journal = "Journal of Systems Architecture",
  volume = 44,
  pages = "473--495",
  year = 1998
}

@conference{vaidya-95,
  author = "N. H. Vaidya",
  title = "A Case for Two-Level Distributed Recovery Schemes",
  booktitle = "Proceedings of Sigmetrics 95/Performance 95",
  pages = "64--73",
  month = may,
  year = 1995
}

@inproceedings{valois-95,
  author = "John D. Valois",
  title = "Lock-free Linked Lists Using Compare-and-swap",
  booktitle = "Proceedings of the Fourteenth Annual ACM Symposium on Principles of Distributed Computing",
  series = "PODC '95",
  year = 1995,
  pages = "214--222",
  url = {http://doi.acm.org/10.1145/224964.224988},
  doi = {10.1145/224964.224988},
  acmid = {224988}
}

@conference{varghese-94,
  author = "G. Varghese and R. Chamberlain and W. E. Weihl",
  title = "The Pessimism behind Optimistic Simulation",
  booktitle = "Proc. of the 8th Workshop on Parallel and Distributed
               Simulation ({PADS} 94)",  
  organization = "Society for Computer Simulation",
  month = jul,
  year = 1994,
}

@inproceedings{vellandi-92,
  author = "B. Vellandi and M. Lightner",
  title = "Parallelism Extraction and Program Restructuring of
           {VHDL} for Parallel Simulation",
  booktitle = "The European Conference on Design Automation",
  pages = "81--87",
  month = mar,
  year = 1992
}

@inproceedings{vitali-12a,
  author = {Vitali, Roberto and Pellegrini, Alessandro and Quaglia, Francesco},
  title = {Towards Symmetric Multi-threaded Optimistic Simulation Kernels},
  booktitle = {Proceedings of the 2012 ACM/IEEE/SCS 26th Workshop on Principles of Advanced and Distributed Simulation},
  series = {PADS '12},
  year = {2012},
  isbn = {978-0-7695-4714-5},
  pages = {211--220},
  numpages = {10},
  url = {http://dx.doi.org/10.1109/PADS.2012.46},
  doi = {10.1109/PADS.2012.46},
  acmid = {2372639},
  publisher = {IEEE Computer Society},
  address = {Washington, DC, USA},
}

@inproceedings{vitali-12b,
  author = {Vitali, Roberto and Pellegrini, Alessandro and Quaglia, Francesco},
  title = {Assessing Load-sharing Within Optimistic Simulation Platforms},
  booktitle = {Proceedings of the Winter Simulation Conference},
  series = {WSC '12},
  year = {2012},
  location = {Berlin, Germany},
  pages = {289:1--289:13},
  articleno = {289},
  numpages = {13},
  url = {http://dl.acm.org/citation.cfm?id=2429759.2430149},
  acmid = {2430149},
  publisher = {Winter Simulation Conference},
}

@inproceedings{xiao-95,
    author = "Xiao, Z. and Gomes, F. and Unger, B. and Cleary, J.",
    booktitle= "Parallel and Distributed Simulation, 1995. (PADS'95), Proceedings.,
                Ninth Workshop on (Cat. No.95TB8096)",
    title = "A fast asynchronous GVT algorithm for shared memory multiprocessor architectures",
    pages = "203--208",
    month= jun,
    year = 1995,
}

@article{young-96-ipl,
  author = "C. H. Young and P. A. Wilsey",
  title = "A Distributed Method to Bound Rollback Lengths for Fossil
		  Collection in {T}ime {W}arp Simulators",
  journal = "Information Processing Letters",
  volume = 59,
  number = 4,
  pages = "191--196",
  month = aug,
  year = 1996
}

@conference{young-96-hicss,
  author = "C. H. Young and P. A. Wilsey",
  title = "Optimistic Fossil Collection for {T}ime {W}arp Simulation",
  booktitle = "29th Hawaii International Conference on System
		  Sciences ({HICSS}-29)",
  editor = "H. {El-Rewini} and B. D. Shriver",
  volume = "Volume I",
  pages = "364--372",
  month = jan,
  year = 1996
}

@conference{young-98-disc,
  author = "C. H. Young and N. B. Abu-Ghazaleh and P. A. Wilsey",
  title = "{OFC}: A {D}istributed {F}ossil-{C}ollection {A}lgorithm for
                {T}ime-{W}arp", 
  booktitle = "12th International Symposium on Distributed Computing,
               {DISC}'98 (formerly {WDAG})",
  month = sep,
  year = 1998
}

@conference{young-99-hicss,
  author = "C. H. Young and N. B. Abu-Ghazaleh and R. Radhakrishnan and
                P. A. Wilsey",  
  title = "Performance Benefits of Optimism in Fossil Collection",
  booktitle = "32nd Hawaii International Conference on System
		  Sciences ({HICSS-32})",
  editor = "Ralph H. Sprague, Jr.",
  month = jan,
  year = 1999
}

@article{young-99-jpdc,
  author = "C. H. Young and N. B. Abu-Ghazaleh and R. Radhakrishnan and
                P. A. Wilsey", 
  title = "Some Properties of Optimistic Fossil Collection",
  journal = "Journal of Parallel and Distributed Computing",
  year = 1999,
  note = "(submitted)"
}

@phdthesis{young-proposal,
  author = "C. Young",
  title = "Methods for Optimistic Reclamation of Fossils in {T}ime {W}arp 
           Simulation",
  school = "University of Cincinnati",
  month = "June",
  year = 1997,
  note = "(PhD proposal)"
}

@phdthesis{young-99-thesis,
  author = "Christopher H. Young",
  title = "Methods for Optimistic Reclamation of Fossils in {T}ime {W}arp 
           Simulation",
  school = "University of Cincinnati",
  month = "February",
  year = 1999,
  note = "(expected)"
}

@mastersthesis{west-88,
  author = "D. West",
  title = "Optimizing {T}ime {W}arp: Lazy Rollback and Lazy
           Re-evaluation", 
  school = "University of Calgary",
  address = "Calgary, Alberta",
  year = 1988
}

@article{williams-64,
  title={Algorithm 232: heapsort},
  author={Williams, John William Joseph},
  journal={Communications of the ACM},
  volume={7},
  number={6},
  pages={347--348},
  year={1964}
}

@phdthesis{willis-91,
  author = "J. C. Willis",
  title = "Optimizing {VHDL} Compilation for Parallel Simulation",
  school = "Dept of Computer Science, Carnegie Mellon University",
  address = "Pittsburgh, PA",
  month = oct,
  year = 1991
}

@article{willis-92,
  author = "J. C. Willis and D. P. Siewiorek",
  title = "Optimizing {VHDL} Compilation for Parallel Simulation",
  journal = "IEEE Design \& Test of Computers",
  pages = "42--53",
  volume = 9,
  number = 3,
  month = sep,
  year = 1992,
}

@techreport{wilsey-92,
  author = "P. A. Wilsey and A. Palaniswamy",
  title = "Rollback Relaxation",
  institution = "Department of Electrical and Computer Engineering",
  address = "University of Cincinnati",
  number = "TR 135--2--92--ECE",
  month = feb,
  year = 1992
}

@conference{wilsey-94-rr,
  author = "P. A. Wilsey and A. Palaniswamy",
  title = "Rollback Relaxation: A Technique for Reducing Rollback
           Costs in an Optimistically Synchronized Simulation",
  booktitle = "International Conference on Simulation and Hardware
               Description Languages",
  organization = "Society for Computer Simulation",
  pages = "143--148",
  month = jan,
  year = 1994
}

@incollection{wilsey-99,
  author = "P. A. Wilsey",
  title = "Modeling, Analysis and Simulation of Computer and
                Telecommunication Systems", 
  booktitle = "Encyclopedia of Computer Science and Technology",
  publisher = "Marcel Dekker, Inc.",
  editor = "A. Kent and J. G. Williams",
  volume = 41,
  pages = "147--160",
  year = 1999
}

@incollection{wilsey-00,
  author = "P. A. Wilsey",
  title = "Modeling, Analysis and Simulation of Computer and
                Telecommunication Systems", 
  booktitle = "Encyclopedia of Library and Information",
  editor = "A. Kent",
  publisher = "Marcel Dekker, Inc.",
  year = 2000
}

@inproceedings{wilsey-16,
  title={Some Properties of Events Executed in Discrete-Event Simulation Models},
  author={Wilsey, Philip A},
  booktitle={Proceedings of the 2016 annual ACM Conference on SIGSIM Principles of Advanced Discrete Simulation},
  pages={165--176},
  year={2016},
  publisher={ACM},
  address={Banf, Alberta, Canada}
}

@inproceedings{wilson-95,
  author = "P. R. Wilson and M. S. Johnstone and M. Neely and D. Boles",
  title = "Dynamic Storage Allocation: A Survey and Critical Review",
  booktitle = "International Workshop on Memory Management",
  month = sep,
  year = 1995
}

@misc{wiki:ticketlock-15,
    author = "Wikipedia",
    title = "Ticket lock --- Wikipedia{,} The Free Encyclopedia",
    year = "2015",
    note = {[Online] \url{https://en.wikipedia.org/w/index.php?title=Ticket_lock&oldid=679100410}}
}

@article{watts-98,
  author = "Duncan J. Watts and Steven H. Strogatz",
  title = "Collective dynamics of `small-world' networks",
  journal = "Nature",
  volume = 393,
  pages = "440--442",
  month = jun,
  year = 1998
}

@article{weber-16,
  title={Time warp simulation on multi-core processors and clusters},
  author={Weber, Doug},
  journal={Master's thesis, University of Cincinnati, Cincinnati, OH},
  year={2016}
}

@article{woodward-96,
  author = "P. R. Woodward",
  title = "Perspectives on Supercomputing: Three Decades of Change",
  journal = "IEEE Computer",
  pages = "99--111",
  volume = 29,
  month = oct,
  year = 1996
}

@article{xu-96,
  author = "Z. Xu and K. Hwang",
  title = "Modeling Communication Overhead: {MPI} and {MPL} performance
		  on the {IBM SP}", 
  journal = "IEEE Parallel \& Distributed Technology.",
  volume = 4,
  number = 1,
  pages = "9--23",
  month = "Spring",
  year = 1996
}

@book{zeigler-76,
  author = "B. P. Zeigler",
  title = "Theory of Modelling and Simulation",
  publisher = "John Wiley \& Sons, Inc.",
  address = "New York",
  year = 1976
}

@book{zeigler-84,
  author = "B. P. Zeigler",
  title = "Multifacetted Modelling and Discrete Event Simulation",
  publisher = "Academic Press Inc. (London) Ltd.",
  address = "24/28 Oval Road, London NW1",
  year = 1984
}

@inproceedings{zhang-13,
  title={Practical non-blocking unordered lists},
  author={Zhang, Kunlong and Zhao, Yujiao and Yang, Yajun and Liu, Yujie and Spear, Michael},
  booktitle={International Symposium on Distributed Computing},
  pages={239--253},
  year={2013},
  organization={Springer}
}
